<?xml version="1.0" encoding="UTF-8"?>
<!DOCTYPE html PUBLIC "-//W3C//DTD XHTML 1.0 Transitional//EN"
    "http://www.w3.org/TR/xhtml1/DTD/xhtml1-transitional.dtd">
<html xmlns="http://www.w3.org/1999/xhtml" xml:lang="en" lang="en">
 <head>
  <title>
</title>
<meta http-equiv="Content-Type" content="text/html;charset=utf-8" />
  <meta name='ocr-system' content='tesseract 3.04.00' />
  <meta name='ocr-capabilities' content='ocr_page ocr_carea ocr_par ocr_line ocrx_word'/>
</head>
<body>
  <div class='ocr_page' id='page_1' title='image "./quaeexstantvarie00clauuoft_0019.png"; bbox 0 0 1612 2948; ppageno 0'>
   <div class='ocr_carea' id='block_1_1' title="bbox 27 127 1422 519">
    <p class='ocr_par' dir='ltr' id='par_1_1' title="bbox 27 127 1422 519">
     <span class='ocr_line' id='line_1_1' title="bbox 27 127 1422 519; baseline 0 2429"><span class='ocrx_word' id='word_1_1' title='bbox 27 127 1422 519; x_wconf 95' lang='lat' dir='ltr'> </span> 
     </span>
    </p>
   </div>
   <div class='ocr_carea' id='block_1_2' title="bbox 254 657 1226 735">
    <p class='ocr_par' dir='ltr' id='par_1_2' title="bbox 254 657 1226 735">
     <span class='ocr_line' id='line_1_2' title="bbox 254 657 1226 735; baseline 0.006 -6"><span class='ocrx_word' id='word_1_2' title='bbox 254 657 1226 735; x_wconf 88' lang='lat' dir='ltr'>PROLEGOMENA</span> 
     </span>
    </p>
   </div>
   <div class='ocr_carea' id='block_1_3' title="bbox 37 886 312 1162">
    <p class='ocr_par' dir='ltr' id='par_1_3' title="bbox 37 886 312 1162">
     <span class='ocr_line' id='line_1_3' title="bbox 37 886 80 1029; baseline 0 0"><span class='ocrx_word' id='word_1_3' title='bbox 37 886 80 1029; x_wconf 95' lang='lat' dir='ltr'>  </span> 
     </span>
     <span class='ocr_line' id='line_1_4' title="bbox 38 1029 312 1162; baseline 0 0"><span class='ocrx_word' id='word_1_4' title='bbox 38 1029 52 1162; x_wconf 95' lang='lat' dir='ltr'>  </span> <span class='ocrx_word' id='word_1_5' title='bbox 250 1143 312 1162; x_wconf 95' lang='lat' dir='ltr'> </span> 
     </span>
    </p>
   </div>
   <div class='ocr_carea' id='block_1_4' title="bbox 32 885 1431 2658">
    <p class='ocr_par' dir='ltr' id='par_1_4' title="bbox 90 885 1049 976">
     <span class='ocr_line' id='line_1_5' title="bbox 90 885 1049 946; baseline 0 0"><span class='ocrx_word' id='word_1_6' title='bbox 90 913 142 946; x_wconf 55' lang='grc' dir='ltr'>ον</span> <span class='ocrx_word' id='word_1_7' title='bbox 714 885 739 927; x_wconf 84' lang='grc' dir='ltr'>Ῑ</span> <span class='ocrx_word' id='word_1_8' title='bbox 1047 918 1049 921; x_wconf 64' lang='grc'><strong>’</strong></span> 
     </span>
     <span class='ocr_line' id='line_1_6' title="bbox 120 948 260 976; baseline 0 -4"><span class='ocrx_word' id='word_1_9' title='bbox 120 948 143 976; x_wconf 59' lang='grc' dir='ltr'>»ἲ</span> <span class='ocrx_word' id='word_1_10' title='bbox 245 957 260 972; x_wconf 67' lang='lat'>*³</span> 
     </span>
    </p>

    <p class='ocr_par' dir='ltr' id='par_1_5' title="bbox 32 938 1431 2658">
     <span class='ocr_line' id='line_1_7' title="bbox 61 938 1431 1054; baseline 0.002 -26"><span class='ocrx_word' id='word_1_11' title='bbox 61 981 72 1045; x_wconf 60' lang='lat' dir='ltr'>l</span> <span class='ocrx_word' id='word_1_12' title='bbox 185 938 272 1054; x_wconf 51' lang='grc' dir='ltr'>ἓξὲξ</span> <span class='ocrx_word' id='word_1_13' title='bbox 312 1001 376 1028; x_wconf 87' lang='lat' dir='ltr'>arn</span> <span class='ocrx_word' id='word_1_14' title='bbox 407 987 458 1028; x_wconf 87' lang='lat' dir='ltr'>de</span> <span class='ocrx_word' id='word_1_15' title='bbox 479 987 635 1043; x_wconf 87' lang='lat' dir='ltr'>patria,</span> <span class='ocrx_word' id='word_1_16' title='bbox 663 993 811 1036; x_wconf 84' lang='lat' dir='ltr'>aetate,</span> <span class='ocrx_word' id='word_1_17' title='bbox 849 1002 896 1030; x_wconf 87' lang='lat' dir='ltr'>ac</span> <span class='ocrx_word' id='word_1_18' title='bbox 926 989 1011 1031; x_wconf 85' lang='lat' dir='ltr'>vita</span> <span class='ocrx_word' id='word_1_19' title='bbox 1029 988 1190 1031; x_wconf 85' lang='lat' dir='ltr'>Claudii</span> <span class='ocrx_word' id='word_1_20' title='bbox 1213 987 1431 1031; x_wconf 77' lang='lat' dir='ltr'>Claudiani</span> 
     </span>
     <span class='ocr_line' id='line_1_8' title="bbox 68 1042 1428 1111; baseline 0.003 -27"><span class='ocrx_word' id='word_1_21' title='bbox 68 1046 137 1110; x_wconf 50' lang='grc' dir='ltr'>’ᾗ</span> <span class='ocrx_word' id='word_1_22' title='bbox 200 1048 268 1111; x_wconf 57' lang='lat'>³553,</span> <span class='ocrx_word' id='word_1_23' title='bbox 304 1042 306 1048; x_wconf 86' lang='lat'>&#39;</span> <span class='ocrx_word' id='word_1_24' title='bbox 339 1060 386 1085; x_wconf 91' lang='lat' dir='ltr'>ea</span> <span class='ocrx_word' id='word_1_25' title='bbox 415 1046 539 1085; x_wconf 87' lang='lat' dir='ltr'>modo</span> <span class='ocrx_word' id='word_1_26' title='bbox 572 1046 751 1085; x_wconf 86' lang='lat' dir='ltr'>breviter</span> <span class='ocrx_word' id='word_1_27' title='bbox 782 1046 1075 1093; x_wconf 84' lang='lat' dir='ltr'><strong>indicabimus,</strong></span> <span class='ocrx_word' id='word_1_28' title='bbox 1105 1059 1198 1101; x_wconf 81' lang='lat' dir='ltr'>quae</span> <span class='ocrx_word' id='word_1_29' title='bbox 1231 1046 1310 1087; x_wconf 86' lang='lat' dir='ltr'>suis</span> <span class='ocrx_word' id='word_1_30' title='bbox 1343 1046 1428 1101; x_wconf 86' lang='lat' dir='ltr'>ipse</span> 
     </span>
     <span class='ocr_line' id='line_1_9' title="bbox 52 1068 1428 1157; baseline 0.001 -15"><span class='ocrx_word' id='word_1_31' title='bbox 52 1068 212 1147; x_wconf 32' lang='lat' dir='ltr'>Lm*</span> <span class='ocrx_word' id='word_1_32' title='bbox 339 1102 590 1143; x_wconf 81' lang='lat' dir='ltr'>carminibus</span> <span class='ocrx_word' id='word_1_33' title='bbox 612 1101 805 1147; x_wconf 81' lang='lat' dir='ltr'>intexuit,</span> <span class='ocrx_word' id='word_1_34' title='bbox 834 1115 928 1141; x_wconf 88' lang='lat' dir='ltr'>cum</span> <span class='ocrx_word' id='word_1_35' title='bbox 945 1104 1099 1157; x_wconf 87' lang='lat' dir='ltr'>reliqua</span> <span class='ocrx_word' id='word_1_36' title='bbox 1121 1103 1208 1142; x_wconf 90' lang='lat' dir='ltr'>fere</span> <span class='ocrx_word' id='word_1_37' title='bbox 1223 1105 1428 1145; x_wconf 86' lang='lat' dir='ltr'>recentio-</span> 
     </span>
     <span class='ocr_line' id='line_1_10' title="bbox 333 1156 1428 1203; baseline 0.002 -5"><span class='ocrx_word' id='word_1_38' title='bbox 333 1171 425 1198; x_wconf 89' lang='lat' dir='ltr'>rum</span> <span class='ocrx_word' id='word_1_39' title='bbox 439 1163 672 1197; x_wconf 86' lang='lat' dir='ltr'>commenta</span> <span class='ocrx_word' id='word_1_40' title='bbox 683 1156 770 1203; x_wconf 88' lang='lat' dir='ltr'>fint,</span> <span class='ocrx_word' id='word_1_41' title='bbox 784 1157 826 1198; x_wconf 67' lang='grc' dir='ltr'>ἃ</span> <span class='ocrx_word' id='word_1_42' title='bbox 837 1158 1009 1199; x_wconf 89' lang='lat' dir='ltr'>fundum</span> <span class='ocrx_word' id='word_1_43' title='bbox 1022 1160 1194 1200; x_wconf 87' lang='lat' dir='ltr'>solidum</span> <span class='ocrx_word' id='word_1_44' title='bbox 1206 1173 1289 1199; x_wconf 91' lang='lat' dir='ltr'>non</span> <span class='ocrx_word' id='word_1_45' title='bbox 1301 1160 1428 1201; x_wconf 87' lang='lat' dir='ltr'>habe-</span> 
     </span>
     <span class='ocr_line' id='line_1_11' title="bbox 44 1212 1427 1270; baseline 0.001 -13"><span class='ocrx_word' id='word_1_46' title='bbox 44 1223 127 1257; x_wconf 89' lang='lat' dir='ltr'>ant.</span> <span class='ocrx_word' id='word_1_47' title='bbox 155 1215 479 1256; x_wconf 79' lang='lat' dir='ltr'>Alexandrinum</span> <span class='ocrx_word' id='word_1_48' title='bbox 492 1212 624 1262; x_wconf 76' lang='lat' dir='ltr'>fuifl&#39;e,</span> <span class='ocrx_word' id='word_1_49' title='bbox 645 1214 790 1253; x_wconf 83' lang='lat' dir='ltr'>diserte</span> <span class='ocrx_word' id='word_1_50' title='bbox 803 1212 947 1254; x_wconf 87' lang='lat' dir='ltr'>Suidas</span> <span class='ocrx_word' id='word_1_51' title='bbox 963 1216 1140 1264; x_wconf 81' lang='lat' dir='ltr'>tradidit,</span> <span class='ocrx_word' id='word_1_52' title='bbox 1162 1215 1299 1270; x_wconf 89' lang='lat' dir='ltr'>&amp;ipse</span> <span class='ocrx_word' id='word_1_53' title='bbox 1309 1218 1427 1267; x_wconf 87' lang='lat' dir='ltr'>adeo,</span> 
     </span>
     <span class='ocr_line' id='line_1_12' title="bbox 42 1270 1426 1325; baseline 0.002 -12"><span class='ocrx_word' id='word_1_54' title='bbox 42 1271 73 1314; x_wconf 87' lang='lat' dir='ltr'><strong>fi</strong></span> <span class='ocrx_word' id='word_1_55' title='bbox 101 1271 211 1312; x_wconf 69' lang='lat' dir='ltr'>re&amp;e</span> <span class='ocrx_word' id='word_1_56' title='bbox 243 1272 433 1325; x_wconf 80' lang='lat' dir='ltr'>intelligo</span> <span class='ocrx_word' id='word_1_57' title='bbox 462 1284 519 1318; x_wconf 79' lang='lat'>39,</span> <span class='ocrx_word' id='word_1_58' title='bbox 542 1283 589 1308; x_wconf 84' lang='lat'>20</span> <span class='ocrx_word' id='word_1_59' title='bbox 618 1270 712 1311; x_wconf 89' lang='lat' dir='ltr'>coll.</span> <span class='ocrx_word' id='word_1_60' title='bbox 739 1282 808 1320; x_wconf 81' lang='lat'>57;</span> <span class='ocrx_word' id='word_1_61' title='bbox 846 1270 889 1311; x_wconf 86' lang='lat'>&amp;</span> <span class='ocrx_word' id='word_1_62' title='bbox 912 1284 1002 1319; x_wconf 67' lang='lat'>4393</span> <span class='ocrx_word' id='word_1_63' title='bbox 1039 1273 1110 1313; x_wconf 90' lang='lat' dir='ltr'>ubi</span> <span class='ocrx_word' id='word_1_64' title='bbox 1140 1273 1258 1313; x_wconf 86' lang='lat' dir='ltr'>suurn</span> <span class='ocrx_word' id='word_1_65' title='bbox 1279 1274 1426 1316; x_wconf 89' lang='lat' dir='ltr'>Nilum</span> 
     </span>
     <span class='ocr_line' id='line_1_13' title="bbox 44 1326 1424 1381; baseline 0.004 -13"><span class='ocrx_word' id='word_1_66' title='bbox 44 1337 178 1370; x_wconf 88' lang='lat' dir='ltr'>vocat.</span> <span class='ocrx_word' id='word_1_67' title='bbox 239 1328 435 1369; x_wconf 83' lang='lat' dir='ltr'>Fabulam</span> <span class='ocrx_word' id='word_1_68' title='bbox 464 1327 514 1368; x_wconf 93' lang='lat' dir='ltr'>de</span> <span class='ocrx_word' id='word_1_69' title='bbox 548 1326 738 1381; x_wconf 85' lang='lat' dir='ltr'>Hispania</span> <span class='ocrx_word' id='word_1_70' title='bbox 762 1329 892 1380; x_wconf 85' lang='lat' dir='ltr'>patria</span> <span class='ocrx_word' id='word_1_71' title='bbox 919 1328 1073 1370; x_wconf 82' lang='lat' dir='ltr'>refellit</span> <span class='ocrx_word' id='word_1_72' title='bbox 1100 1330 1192 1371; x_wconf 87' lang='lat' dir='ltr'>Nic.</span> <span class='ocrx_word' id='word_1_73' title='bbox 1212 1330 1424 1374; x_wconf 85' lang='lat' dir='ltr'>Antonius</span> 
     </span>
     <span class='ocr_line' id='line_1_14' title="bbox 44 1383 1424 1441; baseline 0.001 -13"><span class='ocrx_word' id='word_1_74' title='bbox 44 1387 149 1428; x_wconf 88' lang='lat' dir='ltr'>Bibl.</span> <span class='ocrx_word' id='word_1_75' title='bbox 172 1385 305 1439; x_wconf 84' lang='lat' dir='ltr'>Hispa.</span> <span class='ocrx_word' id='word_1_76' title='bbox 327 1384 425 1428; x_wconf 83' lang='lat' dir='ltr'>Vet·</span> <span class='ocrx_word' id='word_1_77' title='bbox 447 1398 477 1432; x_wconf 79' lang='lat'>3,</span> <span class='ocrx_word' id='word_1_78' title='bbox 500 1398 531 1434; x_wconf 79' lang='lat'>5·</span> <span class='ocrx_word' id='word_1_79' title='bbox 557 1397 619 1432; x_wconf 84' lang='lat'>1¹4</span> <span class='ocrx_word' id='word_1_80' title='bbox 658 1398 697 1438; x_wconf 84' lang='lat' dir='ltr'>p.</span> <span class='ocrx_word' id='word_1_81' title='bbox 719 1396 808 1424; x_wconf 86' lang='lat'><em>200.</em></span> <span class='ocrx_word' id='word_1_82' title='bbox 869 1383 1042 1441; x_wconf 81' lang='lat' dir='ltr'>Reliqua</span> <span class='ocrx_word' id='word_1_83' title='bbox 1073 1387 1143 1427; x_wconf 82' lang='lat' dir='ltr'>vix</span> <span class='ocrx_word' id='word_1_84' title='bbox 1164 1387 1288 1441; x_wconf 80' lang='lat' dir='ltr'>digna</span> <span class='ocrx_word' id='word_1_85' title='bbox 1309 1402 1424 1430; x_wconf 82' lang='lat' dir='ltr'>com-</span> 
     </span>
     <span class='ocr_line' id='line_1_15' title="bbox 45 1441 1423 1496; baseline 0.002 -13"><span class='ocrx_word' id='word_1_86' title='bbox 45 1452 276 1484; x_wconf 83' lang='lat' dir='ltr'>memoratu</span> <span class='ocrx_word' id='word_1_87' title='bbox 297 1441 375 1495; x_wconf 81' lang='lat'>²⁰¹),</span> <span class='ocrx_word' id='word_1_88' title='bbox 403 1441 476 1482; x_wconf 85' lang='lat' dir='ltr'>nifi</span> <span class='ocrx_word' id='word_1_89' title='bbox 498 1449 543 1482; x_wconf 86' lang='lat' dir='ltr'>ut</span> <span class='ocrx_word' id='word_1_90' title='bbox 562 1449 773 1495; x_wconf 82' lang='lat' dir='ltr'>appareat,</span> <span class='ocrx_word' id='word_1_91' title='bbox 804 1454 992 1496; x_wconf 85' lang='lat' dir='ltr'>magnam</span> <span class='ocrx_word' id='word_1_92' title='bbox 1025 1442 1141 1484; x_wconf 81' lang='lat' dir='ltr'>fuiffe</span> <span class='ocrx_word' id='word_1_93' title='bbox 1161 1445 1211 1484; x_wconf 91' lang='lat' dir='ltr'>de</span> <span class='ocrx_word' id='word_1_94' title='bbox 1232 1445 1306 1486; x_wconf 91' lang='lat' dir='ltr'>illo</span> <span class='ocrx_word' id='word_1_95' title='bbox 1331 1447 1423 1486; x_wconf 92' lang='lat' dir='ltr'>viro</span> 
     </span>
     <span class='ocr_line' id='line_1_16' title="bbox 46 1498 1423 1557; baseline 0.001 -16"><span class='ocrx_word' id='word_1_96' title='bbox 46 1502 307 1557; x_wconf 85' lang='lat' dir='ltr'>opinionem,</span> <span class='ocrx_word' id='word_1_97' title='bbox 333 1500 384 1540; x_wconf 89' lang='lat' dir='ltr'>de</span> <span class='ocrx_word' id='word_1_98' title='bbox 406 1513 488 1554; x_wconf 90' lang='lat' dir='ltr'>quo</span> <span class='ocrx_word' id='word_1_99' title='bbox 519 1513 602 1539; x_wconf 90' lang='lat' dir='ltr'>non</span> <span class='ocrx_word' id='word_1_100' title='bbox 626 1500 760 1538; x_wconf 76' lang='lat' dir='ltr'>minus</span> <span class='ocrx_word' id='word_1_101' title='bbox 783 1498 894 1547; x_wconf 87' lang='lat' dir='ltr'>fere,</span> <span class='ocrx_word' id='word_1_102' title='bbox 935 1514 1053 1555; x_wconf 86' lang='lat' dir='ltr'>quarn</span> <span class='ocrx_word' id='word_1_103' title='bbox 1076 1502 1126 1541; x_wconf 90' lang='lat' dir='ltr'>de</span> <span class='ocrx_word' id='word_1_104' title='bbox 1155 1502 1325 1543; x_wconf 85' lang='lat' dir='ltr'>Homeri</span> <span class='ocrx_word' id='word_1_105' title='bbox 1350 1517 1423 1557; x_wconf 83' lang='lat' dir='ltr'>pa-</span> 
     </span>
     <span class='ocr_line' id='line_1_17' title="bbox 46 1556 1424 1613; baseline 0.001 -14"><span class='ocrx_word' id='word_1_106' title='bbox 46 1561 124 1600; x_wconf 87' lang='lat' dir='ltr'>tria</span> <span class='ocrx_word' id='word_1_107' title='bbox 153 1566 358 1599; x_wconf 79' lang='lat' dir='ltr'>certamen</span> <span class='ocrx_word' id='word_1_108' title='bbox 396 1556 507 1597; x_wconf 80' lang='lat' dir='ltr'>effet.</span> <span class='ocrx_word' id='word_1_109' title='bbox 565 1556 660 1597; x_wconf 92' lang='lat' dir='ltr'>Non</span> <span class='ocrx_word' id='word_1_110' title='bbox 693 1557 906 1610; x_wconf 86' lang='lat' dir='ltr'>inelegans</span> <span class='ocrx_word' id='word_1_111' title='bbox 941 1556 998 1598; x_wconf 89' lang='lat' dir='ltr'>est</span> <span class='ocrx_word' id='word_1_112' title='bbox 1027 1558 1204 1599; x_wconf 87' lang='lat' dir='ltr'>Claverii</span> <span class='ocrx_word' id='word_1_113' title='bbox 1238 1559 1424 1613; x_wconf 84' lang='lat' dir='ltr'>suspicio,</span> 
     </span>
     <span class='ocr_line' id='line_1_18' title="bbox 46 1612 1422 1671; baseline 0.001 -14"><span class='ocrx_word' id='word_1_114' title='bbox 46 1616 206 1657; x_wconf 88' lang='lat' dir='ltr'>Patrem</span> <span class='ocrx_word' id='word_1_115' title='bbox 227 1615 351 1656; x_wconf 85' lang='lat' dir='ltr'>nostri</span> <span class='ocrx_word' id='word_1_116' title='bbox 374 1612 489 1655; x_wconf 83' lang='lat' dir='ltr'>fuisse</span> <span class='ocrx_word' id='word_1_117' title='bbox 513 1613 631 1654; x_wconf 87' lang='lat' dir='ltr'>illum</span> <span class='ocrx_word' id='word_1_118' title='bbox 656 1613 945 1662; x_wconf 80' lang='lat' dir='ltr'>Claudianum,</span> <span class='ocrx_word' id='word_1_119' title='bbox 972 1616 1021 1655; x_wconf 88' lang='lat' dir='ltr'>de</span> <span class='ocrx_word' id='word_1_120' title='bbox 1042 1629 1123 1670; x_wconf 89' lang='lat' dir='ltr'>quo</span> <span class='ocrx_word' id='word_1_121' title='bbox 1143 1617 1353 1671; x_wconf 86' lang='lat' dir='ltr'>Eunapius</span> <span class='ocrx_word' id='word_1_122' title='bbox 1376 1618 1422 1658; x_wconf 87' lang='lat' dir='ltr'>in</span> 
     </span>
     <span class='ocr_line' id='line_1_19' title="bbox 46 1664 1422 1727; baseline -0.003 -13"><span class='ocrx_word' id='word_1_123' title='bbox 46 1672 230 1714; x_wconf 71' lang='lat' dir='ltr'>Maximo</span> <span class='ocrx_word' id='word_1_124' title='bbox 259 1687 297 1727; x_wconf 87' lang='lat' dir='ltr'>p.</span> <span class='ocrx_word' id='word_1_125' title='bbox 323 1677 371 1723; x_wconf 85' lang='lat'>67</span> <span class='ocrx_word' id='word_1_126' title='bbox 401 1679 505 1712; x_wconf 79' lang='lat' dir='ltr'>extr.</span> <span class='ocrx_word' id='word_1_127' title='bbox 582 1666 746 1716; x_wconf 60' lang='lat' dir='ltr'>AdsMDis</span> <span class='ocrx_word' id='word_1_128' title='bbox 782 1664 857 1718; x_wconf 62' lang='grc' dir='ltr'>εἶχε</span> <span class='ocrx_word' id='word_1_129' title='bbox 892 1674 1049 1718; x_wconf 60' lang='lat' dir='ltr'>ymo-lats,</span> <span class='ocrx_word' id='word_1_130' title='bbox 1096 1666 1135 1710; x_wconf 62' lang='grc' dir='ltr'>ἒς</span> <span class='ocrx_word' id='word_1_131' title='bbox 1164 1673 1310 1710; x_wconf 75' lang='grc' dir='ltr'>ἐκώλυεν</span> <span class='ocrx_word' id='word_1_132' title='bbox 1339 1666 1422 1723; x_wconf 61' lang='grc' dir='ltr'>εἶναι]</span> 
     </span>
     <span class='ocr_line' id='line_1_20' title="bbox 44 1722 1422 1784; baseline 0.001 -17"><span class='ocrx_word' id='word_1_133' title='bbox 44 1730 178 1782; x_wconf 53' lang='lat' dir='ltr'>organicas·</span> <span class='ocrx_word' id='word_1_134' title='bbox 229 1729 335 1766; x_wconf 67' lang='grc' dir='ltr'><strong><em>αὐτός</em></strong></span> <span class='ocrx_word' id='word_1_135' title='bbox 382 1722 423 1765; x_wconf 64' lang='lat' dir='ltr'>silv</span> <span class='ocrx_word' id='word_1_136' title='bbox 439 1761 451 1776; x_wconf 79' lang='lat'><strong>‚</strong></span> <span class='ocrx_word' id='word_1_137' title='bbox 500 1723 716 1765; x_wconf 48' lang='lat' dir='ltr'>Kaavohowo&#39;v</span> <span class='ocrx_word' id='word_1_138' title='bbox 749 1745 810 1778; x_wconf 70' lang='grc' dir='ltr'>τε,</span> <span class='ocrx_word' id='word_1_139' title='bbox 850 1728 911 1766; x_wconf 75' lang='grc' dir='ltr'>τᾶν</span> <span class='ocrx_word' id='word_1_140' title='bbox 953 1732 1217 1775; x_wconf 71' lang='grc' dir='ltr'>καταλαβόντα</span> <span class='ocrx_word' id='word_1_141' title='bbox 1239 1730 1319 1784; x_wconf 84' lang='grc'>**)</span> <span class='ocrx_word' id='word_1_142' title='bbox 1357 1730 1422 1774; x_wconf 73' lang='grc' dir='ltr'>τήν</span> 
     </span>
     <span class='ocr_line' id='line_1_21' title="bbox 43 1781 1423 1839; baseline -0.001 -13"><span class='ocrx_word' id='word_1_143' title='bbox 43 1784 293 1835; x_wconf 55' lang='grc' dir='ltr'>Δλεξανδράαν</span> <span class='ocrx_word' id='word_1_144' title='bbox 331 1785 430 1832; x_wconf 53' lang='lat' dir='ltr'>nain&amp;</span> <span class='ocrx_word' id='word_1_145' title='bbox 466 1781 723 1833; x_wconf 60' lang='grc' dir='ltr'>ποωὸεύσοιντα,</span> <span class='ocrx_word' id='word_1_146' title='bbox 751 1786 811 1834; x_wconf 58' lang='lat' dir='ltr'>affin)</span> <span class='ocrx_word' id='word_1_147' title='bbox 841 1783 1101 1832; x_wconf 62' lang='grc' dir='ltr'>Νυμφιὸιανδν,</span> <span class='ocrx_word' id='word_1_148' title='bbox 1131 1785 1189 1824; x_wconf 75' lang='grc' dir='ltr'>τᾶν</span> <span class='ocrx_word' id='word_1_149' title='bbox 1217 1789 1250 1825; x_wconf 75' lang='grc' dir='ltr'>ἐν</span> <span class='ocrx_word' id='word_1_150' title='bbox 1276 1787 1423 1839; x_wconf 72' lang='grc' dir='ltr'>Σμύρνῃ</span> 
     </span>
     <span class='ocr_line' id='line_1_22' title="bbox 41 1842 1422 1900; baseline 0.003 -19"><span class='ocrx_word' id='word_1_151' title='bbox 41 1845 232 1896; x_wconf 63' lang='grc' dir='ltr'><strong><em>περιφανῶς</em></strong></span> <span class='ocrx_word' id='word_1_152' title='bbox 260 1846 521 1891; x_wconf 50' lang='lat' dir='ltr'>vomas-{warren</span> <span class='ocrx_word' id='word_1_153' title='bbox 602 1843 697 1884; x_wconf 87' lang='lat' dir='ltr'>Non</span> <span class='ocrx_word' id='word_1_154' title='bbox 724 1844 818 1883; x_wconf 80' lang='lat' dir='ltr'>imae</span> <span class='ocrx_word' id='word_1_155' title='bbox 849 1842 969 1883; x_wconf 86' lang='lat' dir='ltr'>sortis</span> <span class='ocrx_word' id='word_1_156' title='bbox 1001 1843 1237 1892; x_wconf 76' lang='lat' dir='ltr'>hominem,</span> <span class='ocrx_word' id='word_1_157' title='bbox 1267 1858 1422 1900; x_wconf 80' lang='lat' dir='ltr'>cogna-</span> 
     </span>
     <span class='ocr_line' id='line_1_23' title="bbox 44 1897 1421 1955; baseline 0.001 -13"><span class='ocrx_word' id='word_1_158' title='bbox 44 1908 133 1943; x_wconf 86' lang='lat' dir='ltr'>tum</span> <span class='ocrx_word' id='word_1_159' title='bbox 158 1901 265 1942; x_wconf 87' lang='lat' dir='ltr'>forte</span> <span class='ocrx_word' id='word_1_160' title='bbox 295 1901 492 1941; x_wconf 86' lang='lat' dir='ltr'>Hadriani</span> <span class='ocrx_word' id='word_1_161' title='bbox 516 1897 703 1940; x_wconf 73' lang='lat' dir='ltr'>Praefeffi</span> <span class='ocrx_word' id='word_1_162' title='bbox 741 1899 948 1948; x_wconf 85' lang='lat' dir='ltr'>Praetorii,</span> <span class='ocrx_word' id='word_1_163' title='bbox 988 1901 1159 1955; x_wconf 82' lang='lat' dir='ltr'>colligas</span> <span class='ocrx_word' id='word_1_164' title='bbox 1190 1916 1241 1942; x_wconf 87' lang='lat' dir='ltr'>ex</span> <span class='ocrx_word' id='word_1_165' title='bbox 1271 1913 1327 1950; x_wconf 78' lang='lat'>39,</span> <span class='ocrx_word' id='word_1_166' title='bbox 1364 1913 1421 1952; x_wconf 79' lang='grc' dir='ltr'>ςς.</span> 
     </span>
     <span class='ocr_line' id='line_1_24' title="bbox 40 1957 1422 2014; baseline -0.001 -14"><span class='ocrx_word' id='word_1_167' title='bbox 40 1959 199 2001; x_wconf 86' lang='lat' dir='ltr'>Mature</span> <span class='ocrx_word' id='word_1_168' title='bbox 221 1958 259 1999; x_wconf 91' lang='lat' dir='ltr'>se</span> <span class='ocrx_word' id='word_1_169' title='bbox 280 1959 321 1998; x_wconf 90' lang='lat' dir='ltr'>in</span> <span class='ocrx_word' id='word_1_170' title='bbox 343 1957 582 1998; x_wconf 88' lang='lat' dir='ltr'>Stilichonis</span> <span class='ocrx_word' id='word_1_171' title='bbox 603 1957 837 1997; x_wconf 83' lang='lat' dir='ltr'>clientelam</span> <span class='ocrx_word' id='word_1_172' title='bbox 857 1957 1053 2005; x_wconf 88' lang='lat' dir='ltr'>contulit,</span> <span class='ocrx_word' id='word_1_173' title='bbox 1081 1957 1123 1999; x_wconf 84' lang='lat'>&amp;</span> <span class='ocrx_word' id='word_1_174' title='bbox 1145 1960 1324 2014; x_wconf 89' lang='lat' dir='ltr'>quinque</span> <span class='ocrx_word' id='word_1_175' title='bbox 1347 1972 1422 1999; x_wconf 89' lang='lat' dir='ltr'>an-</span> 
     </span>
     <span class='ocr_line' id='line_1_25' title="bbox 40 2013 1422 2071; baseline -0.001 -13"><span class='ocrx_word' id='word_1_176' title='bbox 40 2017 120 2064; x_wconf 86' lang='lat' dir='ltr'>nis,</span> <span class='ocrx_word' id='word_1_177' title='bbox 149 2017 219 2071; x_wconf 91' lang='lat' dir='ltr'>qui</span> <span class='ocrx_word' id='word_1_178' title='bbox 240 2017 416 2071; x_wconf 90' lang='lat' dir='ltr'>primum</span> <span class='ocrx_word' id='word_1_179' title='bbox 434 2015 546 2056; x_wconf 89' lang='lat' dir='ltr'>illius</span> <span class='ocrx_word' id='word_1_180' title='bbox 566 2014 819 2055; x_wconf 79' lang='lat' dir='ltr'>consulatum</span> <span class='ocrx_word' id='word_1_181' title='bbox 838 2013 1087 2068; x_wconf 85' lang='lat' dir='ltr'>praeceffere,</span> <span class='ocrx_word' id='word_1_182' title='bbox 1111 2016 1228 2056; x_wconf 89' lang='lat' dir='ltr'>illum</span> <span class='ocrx_word' id='word_1_183' title='bbox 1246 2017 1422 2057; x_wconf 84' lang='lat' dir='ltr'>comita-</span> 
     </span>
     <span class='ocr_line' id='line_1_26' title="bbox 40 2071 1422 2126; baseline -0.004 -11"><span class='ocrx_word' id='word_1_184' title='bbox 40 2081 111 2115; x_wconf 86' lang='lat' dir='ltr'>tus</span> <span class='ocrx_word' id='word_1_185' title='bbox 135 2072 215 2114; x_wconf 88' lang='lat' dir='ltr'>esse</span> <span class='ocrx_word' id='word_1_186' title='bbox 240 2074 417 2114; x_wconf 89' lang='lat' dir='ltr'>videtur.</span> <span class='ocrx_word' id='word_1_187' title='bbox 477 2071 581 2112; x_wconf 90' lang='lat' dir='ltr'>Mihi</span> <span class='ocrx_word' id='word_1_188' title='bbox 602 2073 764 2126; x_wconf 88' lang='lat' dir='ltr'>quidem</span> <span class='ocrx_word' id='word_1_189' title='bbox 786 2071 891 2112; x_wconf 88' lang='lat' dir='ltr'>illud</span> <span class='ocrx_word' id='word_1_190' title='bbox 909 2073 1040 2126; x_wconf 87' lang='lat' dir='ltr'>liquet</span> <span class='ocrx_word' id='word_1_191' title='bbox 1060 2087 1113 2112; x_wconf 77' lang='lat' dir='ltr'>ex</span> <span class='ocrx_word' id='word_1_192' title='bbox 1133 2086 1190 2120; x_wconf 72' lang='lat'>23,</span> <span class='ocrx_word' id='word_1_193' title='bbox 1217 2086 1259 2119; x_wconf 84' lang='lat'>23</span> <span class='ocrx_word' id='word_1_194' title='bbox 1312 2073 1422 2115; x_wconf 85' lang='lat' dir='ltr'>Hinc</span> 
     </span>
     <span class='ocr_line' id='line_1_27' title="bbox 39 2128 1423 2176; baseline 0 -4"><span class='ocrx_word' id='word_1_195' title='bbox 39 2131 114 2173; x_wconf 88' lang='lat' dir='ltr'>illa</span> <span class='ocrx_word' id='word_1_196' title='bbox 135 2132 179 2172; x_wconf 89' lang='lat' dir='ltr'>in</span> <span class='ocrx_word' id='word_1_197' title='bbox 201 2129 470 2171; x_wconf 87' lang='lat' dir='ltr'>Stilichonem</span> <span class='ocrx_word' id='word_1_198' title='bbox 490 2129 638 2176; x_wconf 84' lang='lat' dir='ltr'>studia,</span> <span class='ocrx_word' id='word_1_199' title='bbox 669 2130 766 2169; x_wconf 90' lang='lat' dir='ltr'>hinc</span> <span class='ocrx_word' id='word_1_200' title='bbox 797 2129 1058 2172; x_wconf 87' lang='lat' dir='ltr'>vehementia</span> <span class='ocrx_word' id='word_1_201' title='bbox 1085 2130 1125 2169; x_wconf 92' lang='lat' dir='ltr'>in</span> <span class='ocrx_word' id='word_1_202' title='bbox 1152 2128 1348 2171; x_wconf 89' lang='lat' dir='ltr'>Rufinum</span> <span class='ocrx_word' id='word_1_203' title='bbox 1379 2129 1423 2172; x_wconf 84' lang='lat'>&amp;</span> 
     </span>
     <span class='ocr_line' id='line_1_28' title="bbox 40 2184 1423 2243; baseline -0.002 -12"><span class='ocrx_word' id='word_1_204' title='bbox 40 2188 310 2243; x_wconf 86' lang='lat' dir='ltr'>Eutropium,</span> <span class='ocrx_word' id='word_1_205' title='bbox 370 2188 466 2228; x_wconf 87' lang='lat' dir='ltr'>hinc</span> <span class='ocrx_word' id='word_1_206' title='bbox 499 2186 682 2228; x_wconf 83' lang='lat' dir='ltr'>Orientis</span> <span class='ocrx_word' id='word_1_207' title='bbox 711 2185 754 2228; x_wconf 90' lang='lat'>&amp;</span> <span class='ocrx_word' id='word_1_208' title='bbox 797 2184 1208 2242; x_wconf 77' lang='lat' dir='ltr'>constantinopoleos</span> <span class='ocrx_word' id='word_1_209' title='bbox 1253 2188 1423 2228; x_wconf 82' lang='lat' dir='ltr'>invidia.</span> 
     </span>
     <span class='ocr_line' id='line_1_29' title="bbox 48 2244 1422 2300; baseline -0.001 -13"><span class='ocrx_word' id='word_1_210' title='bbox 48 2245 271 2288; x_wconf 81' lang='lat' dir='ltr'>Tribunum</span> <span class='ocrx_word' id='word_1_211' title='bbox 302 2244 442 2292; x_wconf 82' lang='lat' dir='ltr'>fuiffe,</span> <span class='ocrx_word' id='word_1_212' title='bbox 470 2258 522 2284; x_wconf 82' lang='lat' dir='ltr'>ex</span> <span class='ocrx_word' id='word_1_213' title='bbox 554 2244 823 2299; x_wconf 73' lang='lat' dir='ltr'>inscriptione</span> <span class='ocrx_word' id='word_1_214' title='bbox 845 2244 1024 2293; x_wconf 88' lang='lat' dir='ltr'>constat,</span> <span class='ocrx_word' id='word_1_215' title='bbox 1067 2258 1187 2300; x_wconf 88' lang='lat' dir='ltr'>quam</span> <span class='ocrx_word' id='word_1_216' title='bbox 1214 2259 1319 2285; x_wconf 83' lang='lat' dir='ltr'>n.x1</span> <span class='ocrx_word' id='word_1_217' title='bbox 1362 2259 1422 2286; x_wconf 91' lang='lat' dir='ltr'>re-</span> 
     </span>
     <span class='ocr_line' id='line_1_30' title="bbox 40 2301 1424 2359; baseline -0.002 -14"><span class='ocrx_word' id='word_1_218' title='bbox 40 2303 400 2359; x_wconf 79' lang='lat' dir='ltr'>praesentabimus:</span> <span class='ocrx_word' id='word_1_219' title='bbox 431 2301 498 2343; x_wconf 84' lang='lat' dir='ltr'>sed</span> <span class='ocrx_word' id='word_1_220' title='bbox 518 2302 636 2356; x_wconf 89' lang='lat' dir='ltr'>cujus</span> <span class='ocrx_word' id='word_1_221' title='bbox 651 2303 840 2357; x_wconf 79' lang='lat' dir='ltr'>generiS,</span> <span class='ocrx_word' id='word_1_222' title='bbox 869 2314 953 2342; x_wconf 93' lang='lat' dir='ltr'>non</span> <span class='ocrx_word' id='word_1_223' title='bbox 971 2303 1161 2343; x_wconf 86' lang='lat' dir='ltr'>dixerim.</span> <span class='ocrx_word' id='word_1_224' title='bbox 1219 2301 1424 2351; x_wconf 84' lang='lat' dir='ltr'>Militafl&#39;e,</span> 
     </span>
     <span class='ocr_line' id='line_1_31' title="bbox 797 2371 1424 2400; baseline 0.002 -1"><span class='ocrx_word' id='word_1_225' title='bbox 797 2373 820 2399; x_wconf 92' lang='lat' dir='ltr'>a</span> <span class='ocrx_word' id='word_1_226' title='bbox 849 2371 872 2397; x_wconf 79' lang='lat'>2.</span> <span class='ocrx_word' id='word_1_227' title='bbox 1311 2373 1424 2400; x_wconf 87' lang='lat' dir='ltr'>arma</span> 
     </span>
     <span class='ocr_line' id='line_1_32' title="bbox 81 2431 1423 2479; baseline -0.001 -10"><span class='ocrx_word' id='word_1_228' title='bbox 81 2435 115 2479; x_wconf 65' lang='lat'>⁴³)</span> <span class='ocrx_word' id='word_1_229' title='bbox 138 2436 180 2469; x_wconf 95' lang='lat' dir='ltr'>V.</span> <span class='ocrx_word' id='word_1_230' title='bbox 201 2436 246 2469; x_wconf 92' lang='lat' dir='ltr'>G.</span> <span class='ocrx_word' id='word_1_231' title='bbox 264 2433 368 2479; x_wconf 82' lang='lat' dir='ltr'>Qod</span> <span class='ocrx_word' id='word_1_232' title='bbox 387 2434 629 2468; x_wconf 87' lang='lat' dir='ltr'>Florentinum</span> <span class='ocrx_word' id='word_1_233' title='bbox 646 2431 700 2466; x_wconf 87' lang='lat' dir='ltr'>su·</span> <span class='ocrx_word' id='word_1_234' title='bbox 798 2433 849 2476; x_wconf 59' lang='lat'>⁸)</span> <span class='ocrx_word' id='word_1_235' title='bbox 873 2431 974 2467; x_wconf 81' lang='lat' dir='ltr'>Fastu</span> <span class='ocrx_word' id='word_1_236' title='bbox 995 2432 1146 2478; x_wconf 85' lang='lat' dir='ltr'>quodam</span> <span class='ocrx_word' id='word_1_237' title='bbox 1167 2431 1359 2478; x_wconf 85' lang='lat' dir='ltr'>Sophistico</span> <span class='ocrx_word' id='word_1_238' title='bbox 1377 2431 1423 2466; x_wconf 76' lang='lat' dir='ltr'>de</span> 
     </span>
     <span class='ocr_line' id='line_1_33' title="bbox 34 2476 1422 2525; baseline -0.003 -10"><span class='ocrx_word' id='word_1_239' title='bbox 34 2478 155 2525; x_wconf 76' lang='lat' dir='ltr'>spicati</span> <span class='ocrx_word' id='word_1_240' title='bbox 168 2479 244 2513; x_wconf 88' lang='lat' dir='ltr'>sunt</span> <span class='ocrx_word' id='word_1_241' title='bbox 261 2481 356 2513; x_wconf 85' lang='lat' dir='ltr'>nulla</span> <span class='ocrx_word' id='word_1_242' title='bbox 374 2479 461 2514; x_wconf 86' lang='lat' dir='ltr'>forte</span> <span class='ocrx_word' id='word_1_243' title='bbox 481 2480 546 2512; x_wconf 78' lang='lat' dir='ltr'>alia</span> <span class='ocrx_word' id='word_1_244' title='bbox 565 2479 698 2512; x_wconf 84' lang='lat' dir='ltr'>ratione</span> <span class='ocrx_word' id='word_1_245' title='bbox 753 2476 846 2512; x_wconf 77' lang='lat' dir='ltr'>fama</span> <span class='ocrx_word' id='word_1_246' title='bbox 867 2478 1103 2522; x_wconf 71' lang='lat' dir='ltr'>qualicunque</span> <span class='ocrx_word' id='word_1_247' title='bbox 1132 2480 1168 2513; x_wconf 75' lang='grc' dir='ltr'>ἃ</span> <span class='ocrx_word' id='word_1_248' title='bbox 1190 2478 1309 2523; x_wconf 72' lang='lat' dir='ltr'>plausu</span> <span class='ocrx_word' id='word_1_249' title='bbox 1326 2477 1422 2512; x_wconf 84' lang='lat' dir='ltr'>scho-</span> 
     </span>
     <span class='ocr_line' id='line_1_34' title="bbox 35 2523 1424 2569; baseline -0.001 -9"><span class='ocrx_word' id='word_1_250' title='bbox 35 2525 202 2566; x_wconf 56' lang='lat' dir='ltr'>admitti,</span> <span class='ocrx_word' id='word_1_251' title='bbox 233 2537 339 2569; x_wconf 86' lang='lat' dir='ltr'>quam</span> <span class='ocrx_word' id='word_1_252' title='bbox 371 2525 466 2569; x_wconf 84' lang='lat' dir='ltr'>quod</span> <span class='ocrx_word' id='word_1_253' title='bbox 494 2523 623 2558; x_wconf 83' lang='lat' dir='ltr'>librum</span> <span class='ocrx_word' id='word_1_254' title='bbox 654 2523 701 2556; x_wconf 85' lang='lat' dir='ltr'>se·</span> <span class='ocrx_word' id='word_1_255' title='bbox 754 2523 872 2558; x_wconf 85' lang='lat' dir='ltr'>lastico</span> <span class='ocrx_word' id='word_1_256' title='bbox 902 2523 944 2557; x_wconf 78' lang='lat' dir='ltr'>sic</span> <span class='ocrx_word' id='word_1_257' title='bbox 972 2524 1150 2568; x_wconf 79' lang='lat' dir='ltr'>loquitur,</span> <span class='ocrx_word' id='word_1_258' title='bbox 1182 2533 1220 2557; x_wconf 85' lang='lat' dir='ltr'>ut</span> <span class='ocrx_word' id='word_1_259' title='bbox 1250 2523 1293 2556; x_wconf 84' lang='lat' dir='ltr'>de</span> <span class='ocrx_word' id='word_1_260' title='bbox 1319 2533 1424 2568; x_wconf 71' lang='lat' dir='ltr'>capta</span> 
     </span>
     <span class='ocr_line' id='line_1_35' title="bbox 32 2568 1423 2617; baseline -0.002 -13"><span class='ocrx_word' id='word_1_261' title='bbox 32 2571 191 2605; x_wconf 76' lang='lat' dir='ltr'>cundum</span> <span class='ocrx_word' id='word_1_262' title='bbox 222 2571 266 2604; x_wconf 88' lang='lat' dir='ltr'>de</span> <span class='ocrx_word' id='word_1_263' title='bbox 280 2572 396 2617; x_wconf 78' lang='lat' dir='ltr'>Raptu</span> <span class='ocrx_word' id='word_1_264' title='bbox 415 2582 444 2607; x_wconf 82' lang='lat' dir='ltr'>c.</span> <span class='ocrx_word' id='word_1_265' title='bbox 460 2580 502 2615; x_wconf 81' lang='lat'>34</span> <span class='ocrx_word' id='word_1_266' title='bbox 533 2568 701 2614; x_wconf 71' lang='lat' dir='ltr'>inscripsit</span> <span class='ocrx_word' id='word_1_267' title='bbox 755 2568 863 2603; x_wconf 86' lang='lat' dir='ltr'>urbe:</span> <span class='ocrx_word' id='word_1_268' title='bbox 898 2568 964 2602; x_wconf 86' lang='lat' dir='ltr'>hoc</span> <span class='ocrx_word' id='word_1_269' title='bbox 982 2569 1070 2603; x_wconf 84' lang='lat' dir='ltr'>dicit</span> <span class='ocrx_word' id='word_1_270' title='bbox 1090 2568 1342 2602; x_wconf 79' lang='lat' dir='ltr'>Alexandream</span> <span class='ocrx_word' id='word_1_271' title='bbox 1364 2581 1423 2602; x_wconf 83' lang='lat' dir='ltr'>ve-</span> 
     </span>
     <span class='ocr_line' id='line_1_36' title="bbox 33 2614 1423 2658; baseline -0.004 -6"><span class='ocrx_word' id='word_1_272' title='bbox 33 2616 246 2656; x_wconf 72' lang='lat' dir='ltr'>Florentino.</span> <span class='ocrx_word' id='word_1_273' title='bbox 755 2614 808 2648; x_wconf 87' lang='lat' dir='ltr'>nit</span> <span class='ocrx_word' id='word_1_274' title='bbox 828 2614 1063 2656; x_wconf 67' lang='lat' dir='ltr'>Claudianus,</span> <span class='ocrx_word' id='word_1_275' title='bbox 1096 2614 1243 2648; x_wconf 78' lang='lat' dir='ltr'>scholam</span> <span class='ocrx_word' id='word_1_276' title='bbox 1272 2614 1423 2658; x_wconf 75' lang='lat' dir='ltr'>aperuit,</span> 
     </span>
    </p>
   </div>
   <div class='ocr_carea' id='block_1_5' title="bbox 757 2657 1422 2741">
    <p class='ocr_par' dir='ltr' id='par_1_6' title="bbox 757 2657 1422 2741">
     <span class='ocr_line' id='line_1_37' title="bbox 757 2657 1422 2741; baseline -0.002 -48"><span class='ocrx_word' id='word_1_277' title='bbox 757 2659 941 2741; x_wconf 52' lang='grc' dir='ltr'>ἓξηὲιιιΐιιε</span> <span class='ocrx_word' id='word_1_278' title='bbox 970 2661 1170 2702; x_wconf 68' lang='lat' dir='ltr'>juventutis</span> <span class='ocrx_word' id='word_1_279' title='bbox 1199 2659 1244 2693; x_wconf 81' lang='lat' dir='ltr'>ad</span> <span class='ocrx_word' id='word_1_280' title='bbox 1273 2669 1353 2693; x_wconf 81' lang='lat' dir='ltr'>eum</span> <span class='ocrx_word' id='word_1_281' title='bbox 1372 2657 1422 2693; x_wconf 80' lang='lat' dir='ltr'>fa·</span> 
     </span>
     <span class='ocr_line' id='line_1_38' title="bbox 794 2714 913 2740; baseline -0.017 0"><span class='ocrx_word' id='word_1_282' title='bbox 794 2717 805 2740; x_wconf 77' lang='grc' dir='ltr'><strong><em>ι</em></strong></span> <span class='ocrx_word' id='word_1_283' title='bbox 838 2714 913 2739; x_wconf 83' lang='lat' dir='ltr'>unt.</span> 
     </span>
    </p>
   </div>
  </div>
 </body>
</html>
