1612 2948
423 120 507 163 IN
568 110 1128 163 CLAUDIANUM*
1413 118 1455 163 V

64 220 145 262 stes
166 225 255 260 tum
275 218 413 265 fuerit,
442 218 492 258 de
515 231 597 272 quo
628 218 732 258 certi
756 217 859 258 nihil
881 216 1035 258 constat
1057 217 1113 271 *)
1150 215 1178 259 fi
1204 215 1331 271 juffus
1352 216 1451 259 esset

64 278 235 318 tertium
271 290 375 330 opus
412 277 454 316 in
483 274 754 316 Stilichonem
783 275 956 316 scribere
983 273 1113 315 fimile
1146 274 1236 321 his,
1277 288 1372 330 quae
1405 277 1448 316 in

63 333 259 376 Rufinum
287 334 329 375 &
350 334 595 386 Eutropium
620 333 809 379 dederat,
840 342 909 374 aut
927 333 999 379 iis,
1038 345 1130 388 quae
1154 332 1336 374 Rutilius
1359 332 1448 374 Nu·-

64 394 268 433 marianus
302 392 344 431 iu
388 388 662 430 Stilichonem
684 391 837 431 cecinit
869 391 958 431 itin.
981 402 1016 436 2,
1031 402 1076 438 41
1096 389 1149 445 sq.
1178 403 1350 446 quaeque
1380 390 1448 430 da-

61 462 154 490 mus
176 448 224 488 ad
247 448 396 488 horum
413 447 744 501 prolegomenon
782 459 955 494 n.xvn‚
984 459 1018 487 2.
1087 445 1190 489 Tale
1221 445 1250 488 fi
1282 460 1448 488 carmen

60 505 305 546 haberemus
336 504 460 545 nostri
486 505 638 552 Poetae,
668 505 803 546 minor
832 503 940 546 sorte
968 505 1018 545 de
1036 504 1241 560 religione
1266 506 1346 546 viri
1368 504 1447 546 dis-

59 562 196 605 sensus
217 562 316 603 esset
337 561 419 615 **)
449 562 503 603 Et
537 560 588 603 fic
621 570 759 604 tamen

140 673 204 716 ΙΙ.
235 674 302 716 An
322 673 574 716 Christianus
604 674 733 716 fuerit
766 672 1050 715 Claudianus?
1082 675 1233 716 mirum
1262 687 1368 729 pene
1389 672 1447 716 est

58 730 275 787 disputari,
312 731 401 786 post
438 732 585 772 diserta
618 732 689 772 illa
718 731 938 786 Augustini
967 730 1010 771 δι
1040 730 1171 772 Orofii
1199 731 1446 786 testimonia,

59 803 151 845 quae
188 790 401 830 laudamus
437 789 486 829 ad
507 799 544 838 7,
567 791 642 836 96:
686 787 775 843 post
802 789 1106 842 precationem,
1148 802 1268 844 quam
1302 789 1446 830 tribuit

57 860 94 896 3,
118 851 182 894 336
223 845 468 887 Stilichoni:
499 844 586 900 post
617 846 720 886 illud
747 855 797 891 18,
821 859 885 885 210
942 846 1040 886 Non
1067 844 1195 899 pudet
1223 844 1298 886 heu
1321 846 1448 899 Supe-

58 905 133 944 ri?
162 903 248 958 post
280 904 392 944 illam
415 903 702 944 vaticiniorum
724 901 950 943 irrisionem
973 910 1020 949 18,
1044 915 1122 951 314·
1181 901 1263 943 Sed
1293 901 1447 958 scripsit

60 974 227 1002 carmen
254 960 441 1001 paschale
464 974 504 1000 n.
516 973 562 1008 95
583 960 625 1002 &
646 960 790 1001 Graeca
813 961 882 1000 illa
901 965 1005 1010 n.96
1028 958 1071 1001 &
1092 958 1175 1010 97‘.2
1212 959 1291 1001 Sed
1320 961 1446 1001 meri·

57 1026 102 1061 to
126 1018 312 1058 paschale
333 1031 497 1058 carmen
521 1018 581 1058 illi
597 1018 692 1071 jam¹
708 1018 953 1072 abjudicavit
983 1016 1058 1058 Ge.
1082 1018 1321 1060 Fabricius:
1354 1031 1442 1059 me-

56 1078 139 1118 rito
172 1076 222 1115 de
251 1076 359 1117 bona
389 1083 503 1129 parte
538 1076 766 1122 minorum,
796 1075 861 1115 his
886 1075 1134 1130 praesertim,
1163 1089 1266 1130 quae
1300 1076 1445 1117 damus

58 1148 81 1174 a
109 1147 284 1174 numero
314 1133 407 1174 inde
430 1145 499 1182 79,
529 1130 854 1186 pronunciar'unt
881 1134 960 1173 viri
991 1131 1124 1178 docti,
1154 1132 1197 1173 &
1218 1134 1446 1175 acerrimus

52 1192 183 1245 judex
215 1189 423 1236 Heinsius,
461 1191 595 1230 aliena
629 1190 773 1230 videri.
864 1190 1024 1230 Primus
1067 1189 1201 1230 editor
1242 1191 1445 1231 Barnabas

58 1248 251 1290 Celsanus
285 1249 404 1302 plane
432 1247 535 1287 nihil
566 1247 774 1287 minorum
800 1248 1027 1288 carminum
1049 1246 1128 1287 suis
1158 1247 1201 1286 in
1230 1248 1347 1289 libris
1372 1248 1445 1289 ha-

58 1306 162 1347 buit.
244 1305 298 1346 Et
327 1303 356 1344 fi
388 1304 478 1358 quis
510 1305 746 1359 pertendat,
776 1303 1050 1345 Christianum
1072 1303 1211 1344 fuisse:
1249 1306 1448 1354 dicemus,

58 1376 112 1403 ex
133 1376 182 1402 eo
203 1362 322 1402 illum
346 1374 498 1416 genere
516 1360 658 1409 fuisse,
687 1362 730 1402 in
761 1375 842 1416 quo
872 1360 951 1402 fuit
982 1361 1212 1410 Ausonius,
1240 1364 1358 1417 cujus
1381 1376 1446 1403 ra-

57 1421 215 1462 tionem
243 1420 440 1473 graphice
463 1419 650 1460 describit
674 1419 810 1459 Barth.
841 1418 893 1458 ad
914 1417 1014 1460 Stat.
1034 1418 1113 1459 To.
1130 1431 1152 1456 2
1188 1432 1227 1473 p.
1245 1431 1337 1467 921:
1375 1421 1445 1462 vel

56 1479 107 1518 de
129 1491 211 1532 quo
232 1477 338 1531 apud
363 1476 583 1530 Vopiscum
605 1475 827 1517 Saturnino
850 1489 886 1516 c.
901 1484 921 1519 8
979 1476 1210 1517 Hadrianus
1232 1477 1444 1532 Augustus

25 1566 28 1570 .
55 1535 193 1576 scribit
209 1563 220 1582 ‚
250 1533 485 1587 Aegyptum
508 1539 638 1574 totam
658 1533 680 1588 (
690 1535 863 1588 patriam
891 1532 1018 1574 nostri
1047 1533 1216 1588 poe'tae)
1247 1533 1370 1575 didici
1393 1535 1445 1576 le·-

55 1605 165 1639 vem,
184 1592 414 1645 pendulam,
445 1615 506 1623 ---
537 1591 608 1639 illi,
638 1592 708 1645 qui
727 1591 902 1645 Serapim
921 1590 1068 1639 colunt,
1099 1589 1316 1646 Christiani
1327 1591 1445 1647 sunt,

57 1648 108 1692 δέ
126 1650 262 1690 devoti
271 1647 371 1702 sunt
392 1649 560 1701 Serapi,
588 1650 658 1703 qui
668 1646 714 1703 fh
740 1646 885 1705 Clzrzsti
905 1647 1103 1702 episeopos
1124 1647 1274 1690 dicunt.
1311 1649 1443 1691 Nemo

57 1706 138 1748 illic
165 1704 534 1761 Arclzzsynagogus
573 1703 827 1752 ffidoeorum,
869 1718 982 1746 nemo
1029 1706 1281 1756 Samarites,
1328 1720 1442 1749 nemo

59 1763 377 1817 Christianorum
408 1762 647 1815 Presbyter,
675 1776 755 1803 non
780 1761 1114 1811 Mathematicus,
1142 1777 1221 1804 non
1254 1764 1445 1819 aruspex,

55 1834 136 1862 non
164 1822 319 1874 aliptes.
380 1819 469 1875 Ipse
498 1822 561 1861 ille
588 1819 867 1868 Patriarclza,
897 1833 985 1860 cum
1012 1820 1248 1875 Aegyptum
1273 1825 1444 1871 venerit,

56 1878 109 1919 ab
131 1879 227 1919 aliis
244 1878 479 1930 Serapidem
500 1876 698 1925 adorare,
727 1876 778 1919 ab
800 1879 895 1918 aliis
912 1879 1074 1931 cogitur
1099 1878 1306 1934 Christum.
1337 1881 1371 1922 F
1374 1893 1444 1921 or·

56 1944 99 1977 te
128 1948 220 1989 pars
251 1935 495 1976 eruditionis
515 1935 727 1976 Claudiani
757 1934 837 1976 fuit
866 1936 1015 1976 notitia
1036 1948 1175 1976 rerum
1197 1935 1444 1980 Christiana-

56 2006 172 2042 tum,
193 1990 346 2048 jactare
368 1993 482 2034 iilam
500 1991 543 2034 &
566 1991 768 2034 ostentare
781 2021 794 2042 ,
821 2005 914 2047 pars
936 1993 1106 2048 ingenii.

798 2139 822 2168 ²
848 2139 867 2175 3
1366 2129 1446 2174 ΠΙ.

101 2252 138 2294 ·)
161 2249 363 2287 Manifestus
391 2249 533 2295 quidem
553 2259 648 2285 error
676 2247 724 2284 est
776 2250 965 2285 lemontius
991 2251 1102 2296 igitur
1127 2251 1334 2298 suspicatur,
1369 2256 1444 2302 post

60 2296 284 2332 inChronico
302 2295 482 2340 Prosperi‚‘
503 2294 725 2330 ubiProbino
779 2296 891 2330 casum
933 2297 1137 2332 Stilichonis
1180 2300 1217 2333 in
1263 2302 1444 2336 Orientem

59 2343 97 2377 ἃ
125 2342 275 2388 Olybrio
312 2342 434 2375 COSS.
465 2351 624 2376 mortuus
661 2340 725 2374 esse
779 2341 967 2376 concessisse
988 2346 1163 2385 nostrum,
1197 2346 1232 2379 δι
1254 2346 1302 2380 ibi
1323 2348 1444 2392 patriae

58 2387 214 2422 refertur.
265 2386 393 2421 Rursus
430 2397 491 2420 nec
528 2385 606 2421 saris
637 2386 725 2420 illud
778 2388 908 2433 linguae
937 2388 1025 2432 poesi
1064 2388 1124 2423 sub
1151 2390 1355 2433 Theodosii,
1380 2395 1441 2437 qui

57 2443 191 2468 eertum
221 2431 287 2474 est,
312 2432 407 2476 quod
427 2442 466 2465 ex
486 2433 624 2477 Evagrii
638 2431 727 2466 Hist.
777 2433 930 2468 Arcadio
950 2432 1146 2467 successerat
1159 2464 1167 2477 ,
1188 2437 1336 2481 imperio
1355 2439 1446 2473 efflo-

57 2479 151 2514 Eccl.
166 2488 192 2519 ι,
211 2488 248 2522 ¹9
271 2490 305 2522 p.
327 2477 388 2520 276
414 2487 512 2511 acute
538 2476 726 2522 colligebat
780 2477 894 2512 ruisse.
942 2478 1052 2515 Potest
1072 2480 1159 2522 fieri,
1185 2481 1366 2527 probabile
1383 2484 1442 2528 est,

57 2523 308 2558 Tillemontius
326 2523 363 2556 in
378 2524 536 2557 Honorio
558 2522 724 2557 arcie.66.
781 2524 816 2558 &
844 2523 987 2569 pulchre
1020 2527 1182 2570 congruit
1210 2538 1289 2560 cum
1318 2530 1443 2573 Crufii,

56 2570 123 2609 Ait
143 2569 338 2612 Evagrius,
370 2567 550 2602 Theodosii
571 2570 600 2601 11
639 2578 725 2602 tem-
780 2569 822 2603 de
840 2570 1024 2614 quamodo
1045 2570 1174 2605 diuum
1186 2571 1244 2614 est,
1268 2573 1445 2612 sententia.

57 2615 208 2660 poribus
250 2615 304 2646 ml
335 2613 540 2647 Κλαυδιανόν
569 2615 623 2647 καὶ
651 2614 725 2648 Ka}-
824 2616 875 2657 ”)
900 2613 1107 2658 obfee’mrus
1135 2618 1226 2652 enim
1251 2628 1322 2653 erat
1348 2622 1445 2656 Stili-

57 2662 112 2704 9'011
136 2658 201 2692 τές
221 2657 368 2698 ποιητοῖς
386 2659 618 2705 α’ναδαχῖἤγαμ
642 2659 675 2693 h.
697 2671 726 2693 e.
780 2659 881 2694 choni
921 2660 1027 2695 libros
1072 2662 1260 2707 Sibyllinos
1297 2665 1443 2711 exustos,

61 2713 101 2740 ut
124 2704 278 2741 Valesius
309 2703 443 2748 reddit,
459 2705 605 2750 floruiffe.
651 2705 727 2740 Til·
780 2716 850 2742 non
871 2706 986 2742 minus
1013 2717 1119 2753 quam
1144 2709 1309 2746 Rutilius.
