1612 2948
420 101 505 145 IN
567 88 1147 146 CLAUDIAN‘UM'
1349 103 1475 152 xxv

171 200 268 245 XII,
303 199 517 243 Editiones
539 198 772 248 Claudiani,
809 214 978 255 quarum
1011 202 1214 256 exemplis
1249 202 1342 244 usus
1373 204 1473 254 sum,

92 259 266 315 aliaeque
292 260 342 299 de
372 257 518 313 quibus
541 270 625 297 non
648 257 756 298 recte
777 259 949 299 relatum
972 260 1144 299 videtur.

92 348 190 388 ¹470
246 333 451 381 venetiis,
480 332 638 374 laudata
658 334 806 374 dicitur
816 333 1057 388 Dempst-ero
1077 334 1127 375 ad
1145 333 1370 390 Corippum
1391 334 1476 391 paf-

200 390 296 440 fim,
325 403 446 447 quam
466 388 536 430 fibi
562 392 683 431 visam
703 402 828 446 negat
845 389 1057 433 Heinfius:
1087 405 1165 433 nec
1185 393 1337 434 habent
1356 393 1473 435 Cata-

201 449 290 504 logi
307 448 544 489 nobiliores.
779 473 781 475 -

92 505 215 559 ‘1482
241 507 270 547 f.
328 506 445 548 Finis
465 518 636 559 operum
656 504 717 546 Cl.
740 503 973 547 Claudiani:
1002 520 1093 562 quae
1112 520 1195 548 non
1217 507 1354 548 minus
1386 507 1472 548 ele-

201 570 348 619 ganter
379 576 500 618 quam
530 563 749 616 diligenter
769 561 964 617 impreffit
988 563 1161 611 Jacobus
1184 563 1371 606 Dusenfis
1393 565 1475 605 Mi-

199 619 341 664 lefimo
373 619 768 674 quadringentesimo
798 619 971 661 secundo
1003 620 1085 662 sex.
1110 622 1184 663 cal.
1202 621 1294 670 Jun.
1316 621 1473 665 vicen-

202 681 284 721 tiae2
340 675 481 718 Habet
510 676 616 717 Bihl.
650 676 843 730 Gotting'
1159 706 1161 709 .

227 734 420 778 Praefatio
438 733 496 775 est
517 732 724 774 Barnabae
756 732 906 788 Celsizni
935 733 985 774 ad
1012 733 1359 777 Bartholomoeum
1389 736 1476 778 Pa-

312 794 456 847 jealum
474 791 666 846 Equitem
693 790 964 832 Vicentinum
987 804 1110 845 quem
1132 793 1304 841 excitat,
1332 802 1379 835 ut
1407 795 1475 836 sua

323 848 502 890 carmina
527 848 626 889 velit
646 848 781 897 edere,
810 861 901 902 quae
913 848 1136 890 Claudiano
1161 848 1411 904 adjefmrum
1435 851 1475 892 se

321 903 439 948 fuisse
461 905 539 953 ait,
567 903 596 946 fi
630 907 793 947 exorari
814 905 986 958 Pajellus
1007 905 1214 960 potuissetss
1265 908 1329 949 De
1353 907 1475 950 Clau-

319 964 443 1004 diano
465 962 582 1003 nihil.
638 962 688 1004 In
722 962 797 1005 hac
829 964 1010 1003 editione
1038 962 1251 1005 defiderari
1283 964 1474 1007 Carmina

320 1021 480 1062 minora
502 1021 661 1067 onmia,
690 1020 783 1061 satis
814 1021 968 1062 indicat
999 1021 1135 1061 tabula
1166 1022 1323 1069 nostra,
1353 1037 1476 1077 quam

319 1078 463 1120 damus
493 1077 561 1118 sub
592 1077 737 1126 titulm
763 1078 877 1121 Ordo
899 1078 1157 1119 Carminum:
1188 1078 1256 1119 hic
1277 1080 1475 1128 addimus,

319 1136 431 1191 quod
452 1134 523 1176 suo
541 1135 635 1175 loco
657 1137 817 1176 moneri
837 1136 1030 1183 debebat,
1059 1136 1164 1176 libro
1185 1135 1232 1177 de
1252 1136 1363 1177 Bello
1386 1137 1473 1178 Gil-

321 1191 462 1234 donico
493 1191 561 1233 hic
590 1193 757 1234 titulum
784 1193 910 1248 poni,
940 1193 989 1252 Iu
1018 1192 1208 1248 Rufinum
1237 1194 1336 1234 liber
1357 1195 1439 1235 III.

86 1276 161 1317 145
186 1262 553 1365 .X.V15udov{cusR
557 1265 768 1377 Pqntffus(
783 1266 986 1376 {lirun-iujo,
1027 1268 1135 1364 circlzix
1172 1265 1476 1367 fibfmgcsaeculi

312 1337 356 1364 m
387 1337 435 1364 ur
464 1337 487 1364 e
555 1337 577 1364 e
610 1337 662 1364 iel
693 1337 706 1363 1
822 1337 872 1364 err
898 1337 944 1364 το
1017 1337 1068 1364 ex
1133 1339 1222 1366 cavi
1253 1354 1263 1373 ‚
1417 1339 1472 1367 ri-

199 1393 316 1422 mum
346 1379 453 1436 quafi
475 1338 709 1435 propignavit
731 1337 1145 1422 Italise’glaudiangm.
1231 1382 1337 1424 Hinc
1366 1340 1474 1425 fgrte

199 1437 282 1485 est,
310 1439 418 1494 quod
440 1436 578 1493 pasfim
600 1439 698 1479 editi
721 1438 768 1479 ab
790 1438 864 1478 illo
886 1438 1098 1480 Claudiani
1120 1439 1278 1480 faciunt
1301 1441 1376 1482 viri
1400 1442 1474 1481 do-

202 1493 281 1543 sti,
311 1493 515 1537 Gesnerus
538 1496 580 1536 in
604 1495 871 1544 Bibliotheca,
901 1496 1104 1543 Barthius,
1136 1496 1336 1538 Heinfius.
1395 1497 1476 1540 Sed

198 1565 324 1595 nemo
349 1553 388 1594 se
419 1551 558 1594 vidiffe
590 1553 690 1595 dicit
713 1546 838 1607 opuE‘}
866 1567 989 1594 nemo
1011 1554 1171 1601 locum,
1201 1568 1374 1603 annum,
1403 1564 1474 1612 ty-

199 1611 459 1666 pographum
487 1612 651 1652 indicat.
709 1610 873 1660 Verbo,
899 1611 1062 1652 videtur
1083 1613 1218 1652 omnis
1242 1626 1290 1652 ea
1317 1627 1474 1655 memo-

199 1669 263 1708 ria
295 1669 434 1711 deberi
454 1667 652 1724 Catalogo
676 1668 919 1723 scriptorum
939 1668 1043 1715 viri,
1071 1669 1295 1710 maximam
1313 1679 1473 1725 partem

196 1725 469 1773 ineditorum,
499 1739 622 1782 quern
652 1727 750 1767 vitae
781 1726 892 1766 illius
928 1725 1108 1767 intexuit
1135 1726 1320 1772 Andreas
1348 1728 1474 1770 Ubal-

199 1782 298 1829 dus,
327 1797 419 1825 curn
450 1784 568 1837 cujus
592 1783 729 1824 sorore
755 1784 862 1824 vixit
882 1783 1102 1826 Ponticus:
1133 1784 1241 1825 unde
1267 1785 1333 1826 sua
1353 1799 1474 1842 repe·

198 1841 267 1881 tiit
287 1840 519 1882 Niceronus
538 1840 617 1883 To.
629 1841 735 1885 VIII
762 1855 802 1895 p.
810 1853 868 1889 39·

92 1892 214 1946 ‚⁸1510
269 1897 448 1940 Viennae
467 1911 506 1946 4.
571 1897 782 1940 Claudiani
818 1911 944 1952 opera
980 1897 1192 1940 novissime
1230 1912 1304 1953 per
1331 1898 1381 1940 D.
1409 1899 1474 1950 Jo.

200 1953 434 1997 Camertem
463 1953 754 1996 accuratiffime
782 1957 1007 2010 recognita.
1064 1957 1114 1997 In
1133 1957 1246 2012 fine:
1271 1957 1475 1999 Elimatis-

200 2009 345 2053 fimum
365 2012 445 2053 hoc
465 2011 674 2054 Claudiani
702 2025 805 2067 opus
833 2013 1087 2054 elaboratum
1110 2014 1168 2055 est
1188 2014 1364 2057 Viennae
1384 2016 1475 2057 Au-

199 2068 322 2117 striae‚
351 2069 596 2122 Hieronymi
630 2069 809 2112 Vz'etoris
834 2069 1076 2112 Philovallis
1106 2070 1388 2127 Calcographi.
1419 2073 1475 2115 Et

198 2125 395 2181 &oannis
423 2127 635 2180 Singrem’i
673 2127 874 2168 sociorum
909 2127 1095 2169 solertia:
1135 2128 1334 2184 Expenfis
1373 2144 1476 2171 vero

198 2182 606 2239 LeonlzartiAlantfh
622 2184 865 2240 Bibliopolae
877 2183 1136 2229 Viennensis.
1176 2187 1301 2228 Anno
1321 2186 1472 2230 M.D.X

201 2242 333 2296 pridie
362 2242 504 2284 Nonas
535 2240 740 2284 Oetobris.

85 2300 239 2345 Charta
260 2305 443 2353 candida,
473 2305 606 2347 literae
626 2306 882 2354 Jensonianae
901 2306 1204 2362 pulcherrimae,
1234 2307 1372 2350 versus
1397 2322 1471 2365 per

198 2360 366 2404 denaria
388 2363 608 2406 intervalla
627 2363 872 2406 dmumerati
891 2364 949 2418 *>.
1399 2368 1403 2371 ’

875 2441 954 2489 b5
1404 2442 1475 2485 Est

136 2532 170 2575 ⁶)
192 2532 270 2567 Hoc
287 2531 483 2568 institutum
504 2534 759 2580 eleganfiffime,
813 2532 1135 2580 Metamorphoseon
1144 2535 1398 2571 ovidianarum
1416 2547 1477 2580 per

90 2587 157 2611 cur
182 2588 251 2611 non
280 2577 413 2614 secutus
436 2578 474 2613 fit
500 2579 702 2625 Ismgrinius
721 2581 757 2615 &
814 2580 1000 2614 intervalla
1029 2582 1213 2625 quinaria,
1246 2582 1342 2626 quod
1364 2581 1476 2628 ipsum

92 2621 175 2664 alii,
209 2633 278 2657 non
308 2624 417 2660 habeo
447 2625 568 2660 dicere.
614 2625 669 2661 Sic
690 2626 760 2661 Ar-
814 2624 878 2661 diu
895 2625 1022 2661 deinde
1040 2626 1236 2672 neglestum
1257 2626 1314 2662 est.

92 2668 339 2714 gentinae1515‚
360 2672 532 2707 numerati
548 2670 626 2707 sunt
644 2670 760 2707 versus
