1612 2948
144 76 330 121 XXXVI
405 74 839 125 I.M.GESNER1
890 78 1394 124 PROLEGOMENA

148 177 249 225 ¹630.
278 187 329 214 12.
380 172 591 215 Heinfiana
611 175 722 228 prior
743 189 795 214 ex
816 175 1061 218 Elseviriana
1076 178 1235 219 officina
1258 180 1419 233 prodiit.
1449 180 1512 220 Ita

262 230 437 272 confess'a
457 230 546 273 sunt
570 232 727 271 Nicolai
754 232 905 272 Heinfii
934 235 982 274 de
1012 237 1144 289 po'e'tis
1170 238 1334 283 merita,
1366 238 1420 276 ita
1448 237 1513 276 su-

264 302 336 343 pra
362 302 525 328 omnem
552 288 707 339 ingenii
737 288 778 330 ἃ
807 288 1001 331 doctrinae
1028 293 1156 332 aleam
1176 293 1322 347 pofita,
1351 306 1441 347 quae
1462 294 1511 332 ad

260 345 506 399 Virgilium,
535 344 750 391 Ovidium,
781 345 992 388 Valerium
1022 350 1233 396 Flaccum,
1261 349 1404 389 Silium
1433 350 1513 389 Ita-

263 402 389 443 licum
404 402 674 441 emendandos
688 403 966 457 ornandosque
982 406 1167 454 contulit,
1194 414 1240 447 ut
1261 408 1420 446 laudare
1442 421 1513 445 vo-

266 459 368 500 lenti
388 472 438 499 ne
460 460 669 499 occinatur
690 466 822 499 metus
845 459 903 507 fit,
931 462 1035 509 Quis
1060 464 1169 502 enim
1192 462 1430 517 vituperat?
1457 463 1515 502 Ea

262 530 385 571 porro
406 515 598 555 habuerat
631 517 689 556 rei
718 517 822 556 bene
855 518 1044 571 gerendae
1074 520 1120 560 ab
1140 520 1221 573 ipsa
1243 520 1516 560 familiaritate

266 587 359 613 cum
384 572 445 611 his
465 586 565 626 quos
576 571 817 614 Claudianus
836 575 1016 614 imitatus
1036 575 1103 622 est,
1132 590 1154 615 a
1172 574 1324 617 MSStis
1345 589 1518 630 quorum

266 628 455 672 XXVIII
485 629 686 676 recenset,
715 630 757 672 <Sc
785 632 1068 672 collationibus
1098 640 1281 673 veterum
1310 633 1523 678 librorum,

263 688 347 741 jam
369 686 447 725 hoc
466 693 649 740 tempore
669 686 871 741 praesidia,
901 696 946 728 ut
975 690 1140 744 egregia
1166 691 1301 729 omnia
1325 689 1390 728 vel
1422 688 1520 728 hinc

267 742 453 797 suspicari
486 744 616 782 liceat.
693 744 859 785 Curavit
887 744 1109 784 editionem
1135 757 1208 798 per
1231 744 1351 798 ipsius
1381 745 1520 784 abien-

270 802 370 841 tiam
389 798 449 846 Jo.
471 799 700 840 Fridericus
721 798 975 847 Gronovius,
1003 814 1082 855 quo
1103 802 1193 841 viro
1212 801 1315 841 nihil
1340 808 1424 840 erat
1455 815 1521 840 ac-

269 857 470 902 curatiu5‚
499 856 720 903 oculatius,
750 857 917 897 honoris
940 859 1056 897 amici
1079 857 1135 897 sui
1165 857 1383 898 studiosius.
1441 858 1522 897 lta-

270 927 349 969 que
369 913 457 952 hzec
479 914 589 967 prior
612 915 737 954 editio
759 914 897 961 alteri,
927 925 1120 968 quantum
1148 915 1196 954 ad
1227 915 1523 954 emendationis

267 972 468 1022 ἀκρίβειαν,
497 971 621 1010 etiam
639 971 891 1025 praeferenda
920 971 1023 1012 mihi
1051 971 1270 1012 videbatur.
1328 971 1392 1014 Ad
1421 971 1522 1012 alte-

269 1041 354 1069 ram
374 1038 469 1066 anm

176 1091 266 1138 665.
297 1092 329 1127 8.
384 1096 492 1125 nova
526 1082 721 1123 doctrinae
750 1084 829 1124 suae
851 1084 1123 1130 incrementa,
1152 1083 1194 1124 &
1223 1085 1364 1123 decem
1393 1097 1524 1123 novo-

269 1154 362 1182 rum
390 1140 576 1180 codicum
596 1138 777 1186 subsidia,
805 1154 899 1180 cum
926 1141 1132 1187 attulerit,
1162 1148 1354 1194 quantum
1386 1154 1431 1180 ea
1460 1153 1526 1180 res

274 1197 473 1253 profuerit
493 1197 734 1243 Claudiano,
763 1197 882 1237 facile
911 1197 968 1238 est
998 1198 1045 1238 ad
1066 1197 1389 1251 intelligendum.
1448 1196 1525 1239 Vi-

272 1256 391 1296 detur
412 1268 494 1294 non
514 1253 742 1299 satisfecisse
762 1253 923 1296 Heinsio
946 1254 1157 1308 diligentia
1177 1255 1262 1307 ejus
1276 1283 1285 1300 ,
1315 1255 1383 1308 qui
1411 1255 1526 1309 typis

270 1311 448 1367 praefuit,
474 1310 555 1351 five
577 1313 610 1351 is
625 1310 883 1351 Schrevelius
904 1311 996 1353 fuit,
1026 1312 1094 1365 qui
1108 1311 1339 1358 Variorum,
1371 1311 1526 1350 Barthii

268 1369 475 1424 praecipue
499 1375 614 1408 notas
636 1370 832 1415 attexuit,
861 1367 941 1408 five
964 1368 1079 1409 alius.
1160 1366 1308 1408 Scribit
1340 1368 1447 1407 enim
1477 1368 1527 1407 ad

277 1425 533 1467 Gronovium
550 1425 655 1471 To.3
684 1424 875 1481 Sylloges
907 1426 1041 1466 Burm.
1063 1437 1175 1479 P·5¹4
1201 1425 1364 1466 Invitus
1394 1422 1530 1477 depre-

278 1482 427 1529 hendo,
457 1481 618 1523 rumeins
643 1483 860 1536 complures
891 1482 980 1523 lzmsc
1012 1484 1123 1534 operi
1155 1481 1352 1536 irrepfisk.
1409 1482 1528 1521 Circa

280 1540 613 1594 orthographiam
632 1541 753 1580 etiam
773 1539 1002 1593 saepiuscule
1021 1538 1226 1580 discefl'um
1252 1541 1299 1578 ab
1318 1537 1530 1579 Heinflana

281 1598 437 1638 ratione
460 1598 590 1637 video.
642 1598 735 1646 Quo
754 1597 960 1637 lubentius
988 1596 1090 1642 seci,
1116 1604 1161 1636 ut
1182 1597 1221 1635 in
1252 1596 1326 1635 hac
1350 1596 1529 1635 editione

283 1655 463 1709 priorem
503 1655 615 1695 illam
640 1653 885 1708 potissimum
922 1653 1193 1708 typographis
1217 1653 1524 1706 exprimendam

280 1711 492 1752 traderem.
521 1710 597 1752 Sed
610 1724 699 1766 quae
721 1712 769 1751 de
791 1711 911 1764 hujus
931 1711 1007 1750 viri
1026 1710 1176 1757 studiis,
1196 1710 1425 1756 virtutibus,
1443 1722 1529 1748 me·-

283 1769 373 1808 ritis
399 1770 537 1822 legere
559 1769 765 1809 Claudiani
795 1765 954 1808 studiofi
984 1767 1159 1814 vellent,
1187 1781 1233 1806 ea
1267 1782 1345 1820 ego
1372 1769 1532 1818 integra

281 1826 471 1886 servanda
494 1825 714 1866 doctissimo
733 1827 839 1872 viro,
869 1838 988 1879 quem
1009 1825 1050 1864 in
1072 1825 1243 1878 paranda
1262 1837 1368 1863 nova
1387 1824 1533 1863 editio—

283 1896 336 1922 ne
359 1885 546 1936 occupari
570 1884 701 1929 audio,
722 1882 878 1923 censui:
899 1882 965 1922 cui
986 1882 1149 1935 quidem
1168 1881 1373 1921 faventem
1394 1879 1436 1920 <Sc
1458 1879 1534 1918 hu-

279 1939 347 1993 jus
367 1942 502 1994 operis
526 1940 842 1994 &Anthologiae
863 1938 1018 1979 Latinae
1037 1939 1149 1979 causa
1169 1938 1363 1978 Lucinam
1380 1945 1534 1990 optare,

289 1998 357 2050 qui
383 1999 452 2037 has
474 1999 609 2038 literas
631 2006 787 2044 amant,
815 2010 885 2052 par
905 1996 973 2036 est.
1055 1996 1133 2036 Hic
1164 1995 1276 2035 sorte'
1302 1994 1533 2034 excutietur

287 2056 411 2094 etiam
433 2055 501 2094 illa
521 2055 601 2102 Jac.
616 2054 814 2094 Gronovii
835 2053 1008 2108 querela,
1036 2066 1154 2107 quam
1176 2053 1352 2092 intexuit
1373 2050 1533 2090 exerci-

289 2112 508 2151 tationibus
527 2113 576 2151 de
602 2113 781 2164 pernicie
804 2111 845 2151 ἃ
875 2110 964 2150 casu
984 2110 1096 2155 Judae
1117 2122 1230 2162 p.173
1255 2109 1306 2163 sq.
1338 2121 1449 2161 quae,
1483 2119 1535 2145 ne

284 2177 515 2221 repetamus
545 2183 658 2208 more
691 2169 801 2208 illius
834 2169 909 2207 viri
938 2165 1043 2206 dieta
1067 2165 1269 2211 acerbius,
1300 2165 1402 2204 hauc
1423 2171 1534 2204 certe

288 2225 371 2264 vim
393 2225 534 2269 habet,
563 2236 607 2266 ut
632 2240 721 2279 quae
744 2227 784 2265 in
805 2224 882 2264 hoc
902 2236 1053 2277 genere
1074 2223 1224 2262 summa
1244 2229 1456 2275 putantur,
1486 2234 1535 2260 ea

288 2287 423 2322 tamen
452 2295 533 2322 non
557 2281 744 2337 praestent
772 2282 911 2327 nobis,
940 2294 991 2319 ne
1016 2279 1240 2319 historicam
1265 2280 1425 2332 quidem
1446 2279 1536 2317 ubi-

293 2352 371 2392 que
399 2339 676 2381 securitatem.
717 2340 866 2379 nedum
897 2337 1114 2377 excludere
1142 2337 1314 2375 debeant
1339 2335 1537 2387 judicium

287 2394 414 2450 longo
444 2396 515 2437 usu
544 2397 585 2438 ἃ
611 2397 736 2437 multa
758 2395 933 2436 lectione
963 2392 1178 2433 firmatum.
1234 2393 1281 2432 ]n
1303 2392 1444 2445 primis
1465 2391 1536 2430 ob-

288 2451 455 2493 servaffe
475 2455 574 2494 mihi
599 2455 748 2499 videor,
771 2455 813 2493 in
839 2452 953 2493 libris
974 2452 1023 2491 de
1049 2451 1179 2504 Raptu
1196 2449 1442 2502 Proserpinae
1471 2460 1536 2487 re·

287 2509 429 2549 mififl'e
450 2512 697 2566 aliquantum
717 2511 857 2550 summi
878 2509 973 2549 dum
995 2509 1149 2548 viveret
1170 2506 1245 2546 viri
1268 2506 1536 2559 diligentiam.

291 2563 479 2620 Superest
496 2598 504 2614 ,
534 2577 578 2609 ut
609 2570 665 2608 illi
696 2568 932 2622 quibusdam
961 2572 1070 2605 certe
1091 2565 1192 2604 locis
1213 2562 1345 2603 nostra
1366 2576 1449 2603 non
1473 2563 1537 2601 in-

285 2621 463 2665 feliciter
484 2624 697 2667 succeffifl'e
707 2653 719 2674 ,
747 2626 875 2679 aequis
888 2621 1092 2676 judicibus
1114 2623 1307 2663 videatur.
1418 2670 1534 2715 'XIII
