1612 2948
122 126 189 172 VI
325 126 361 170 Ι.
389 126 444 169 Μ.
473 125 774 171 GESNERI
825 127 1344 174 PROLEGOMENA

208 229 286 272 ΙΙΙ.
316 229 476 285 Nempe
505 231 589 287 jam
616 231 666 271 de
688 229 919 271 eruditione
946 231 1072 273 nostri
1109 233 1259 289 aliquid
1291 231 1515 275 dicendum

127 286 197 328 est.
273 285 369 328 Sive
401 289 436 327 is
458 289 599 329 habuit
634 295 792 342 patrem
825 287 942 328 illum
969 287 1201 343 Sophistam
1230 290 1515 338 Claudianum,

129 343 336 386 laudatum
354 345 541 401 Eunapio
567 346 593 386 l.
620 359 654 384 c.
683 342 859 384 multum
887 345 948 385 illi
980 346 1191 402 disciplina
1222 354 1390 402 paterna
1419 360 1518 401 pro-

128 401 238 442 fuit:
267 400 355 441 five⁴
370 402 553 457 alioquin
585 400 694 441 reete
720 399 813 441 usus
836 400 893 442 est
915 406 1288 458 opportunitatibus
1324 404 1517 451 discendi,

132 471 233 516 quas
263 467 351 500 tum
375 459 516 499 habuit
536 458 817 499 Alexandrea:
856 459 1129 515 undecunque
1159 460 1518 510 hausei-indefini-

134 528 253 562 nam‚
298 514 531 571 doffiffimis
565 515 647 556 suae
680 515 814 555 aetatis
844 515 1127 558 adscribendus
1163 518 1232 559 est.
1314 518 1519 559 Iudicabi-

132 585 226 614 mus
256 574 461 627 quaedam,
490 572 598 613 unde
629 572 882 618 existimare,
913 574 1060 627 quibus
1093 575 1244 628 volupe
1273 575 1351 622 est,
1391 589 1439 615 ea
1469 564 1528 614 de*

133 640 180 671 re
212 628 371 684 poliint.
462 627 669 670 Summam
703 631 904 684 quandam
935 630 1023 671 suae
1052 631 1298 686 proposuifl'e
1335 633 1522 679 videtur,

134 687 233 728 dum
255 687 389 727 laudat
409 685 635 728 dotttinam
657 686 787 727 Mallii
818 687 1032 728 Theodori
1055 700 1110 738 17,
1132 693 1173 726 61
1193 688 1273 743 sqq.
1304 690 1374 743 qui
1402 689 1520 729 locus

136 744 206 784 vel
234 742 343 785 solus
374 743 582 784 thesauros
613 744 858 785 eruditionis
883 746 1070 786 continet
1094 752 1215 800 atque
1239 747 1381 799 aperit.
1440 744 1522 785 Lo-

137 812 213 841 cus
249 814 300 841 ex
348 801 493 842 intima
529 801 727 843 Heracliti
767 801 1023 856 philosophia
1071 803 1237 857 poetico
1267 808 1416 843 ornatu
1447 815 1522 842 ex-

138 858 295 912 politus
334 858 391 898 est
430 872 478 906 2,
518 870 591 907 424
628 858 709 912 sqq,
757 873 839 913 quo
879 860 1003 900 etiam
1041 859 1112 900 illa
1152 860 1392 914 pertinent,
1432 871 1524 913 quae

139 912 280 970 passim
308 915 358 955 de
387 914 500 956 Chao
532 915 574 956 &
604 915 718 956 Hade
749 915 945 970 disputat,
986 917 1068 956 vid.
1099 917 1149 957 ad
1177 931 1218 966 ς,
1250 928 1314 963 523
1355 915 1526 970 praeser-

139 973 218 1012 tim
244 973 291 1012 ad
313 984 361 1020 33,
383 984 434 1019 53.
493 972 805 1027 philosophema
827 973 896 1020 est,
927 974 1036 1028 quod
1057 985 1108 1020 35,
1133 986 1198 1021 303
1228 973 1371 1013 Parcas
1393 971 1526 1013 &Fa-

139 1034 230 1069 tum
253 1029 503 1083 Proserpinae
532 1028 613 1072 suae
635 1030 677 1069 in
697 1029 935 1070 famulatum
965 1031 1033 1071 dat
1061 1030 1194 1071 Pluto.
1245 1030 1311 1071 Ad
1332 1029 1526 1069 Philolai-

143 1099 235 1126 cam
257 1085 544 1126 Astronomian
572 1087 779 1140 pertinere
812 1087 1004 1128 videntur
1025 1102 1053 1133 1,
1077 1100 1104 1127 x.
1137 1100 1174 1134 ς,
1199 1099 1244 1125 ιι.
1274 1096 1315 1134 8,
1336 1090 1418 1129 286.
1463 1090 1527 1134 26,

142 1147 224 1185 236.
304 1142 485 1183 Multum
513 1144 619 1183 ultra
648 1144 860 1197 vulgarem
889 1143 931 1184 &
987 1143 1161 1184 lebeiam
1182 1141 1354 1184 fiderum
1383 1143 1530 1197 cogni-

142 1200 301 1240 tionem
320 1199 552 1255 assurgunt‚
580 1213 672 1255 quae
703 1201 754 1240 de
777 1201 919 1241 Martis
1012 1201 1124 1242 Iovis
1144 1199 1305 1241 theoria
1328 1200 1529 1240 habentur

143 1268 205 1303 22,
227 1269 310 1308 437.
366 1257 473 1298 Item
501 1257 602 1298 illud
631 1257 682 1298 de
715 1257 800 1300 VII
823 1257 951 1297 Zonis
975 1270 1043 1305 24,
1075 1270 1144 1305 ¹33.
1200 1258 1338 1298 Fluvii
1367 1270 1390 1296 e
1427 1257 1530 1297 mari

144 1314 227 1353 orti
255 1314 299 1354 in
319 1313 419 1354 illud
441 1311 658 1355 recurrunt
680 1322 711 1362 8,
732 1319 813 1359 630.
872 1315 935 1356 De
964 1315 1063 1355 sexu
1093 1314 1322 1368 plantarum
1354 1314 1532 1354 suaviter

147 1371 258 1411 canit
281 1382 336 1418 10,
355 1375 411 1421 65.
471 1369 551 1412 Sed
582 1372 703 1426 plena
725 1372 868 1412 talium
890 1371 982 1412 sunt
1003 1373 1154 1412 omnia.
1211 1369 1362 1417 Scivit,
1392 1371 1530 1418 credo,

147 1426 417 1474 Claudianus,
445 1429 641 1483 quidquid
661 1435 750 1469 tum
773 1428 951 1469 sciebant
973 1427 1184 1476 homines,
1214 1427 1257 1469 ὃς
1281 1428 1411 1468 multo
1436 1428 1530 1482 plus

147 1497 270 1539 quam
289 1485 415 1539 vulgo
441 1486 640 1533 sciebant,
668 1486 792 1526 etiam
813 1487 884 1540 qui
906 1484 1015 1526 doffl
1037 1485 1298 1525 habebantuin
1361 1486 1422 1525 An
1444 1484 1532 1525 for-

147 1547 192 1582 te
216 1542 307 1595 plus
331 1544 535 1584 interdum
554 1541 602 1583 fit
624 1544 667 1583 in
689 1543 801 1583 illius
825 1541 1016 1589 versibus,
1045 1555 1166 1597 quam
1190 1542 1271 1596 ipse
1297 1541 1428 1587 sciret,
1456 1554 1531 1596 per

148 1597 426 1654 disciplinam,
455 1600 791 1654 disputationem,
819 1599 953 1641 causas
974 1598 1258 1654 cognovisset?
1296 1599 1408 1639 Fieri
1437 1600 1531 1654 qui-

150 1655 247 1696 dem
276 1656 427 1710 potest,
456 1664 503 1699 ut
532 1662 655 1711 po‘e'ta
683 1657 855 1710 aliquis,
892 1657 1166 1702 εὐφοιντασίωτος
1201 1655 1445 1711 praesertim,
1485 1663 1532 1697 vt

149 1712 312 1761 noster,
342 1713 461 1763 dum,
491 1727 582 1769 quae
602 1714 693 1755 sunt
715 1713 832 1764 νοεροὶ,
865 1714 990 1754 etiam
1017 1712 1154 1756 αἰθητοέ
1185 1714 1274 1755 vult
1299 1713 1454 1760 facere,
1483 1711 1530 1754 &

150 1769 441 1812 contreetanda
478 1771 593 1813 velut
635 1771 818 1826 praebere
857 1768 1056 1817 sensibus,
1104 1770 1201 1811 dum
1239 1771 1281 1810 in
1321 1776 1458 1825 partes
1490 1769 1534 1809 se
1597 1795 1604 1803 ·

149 1840 296 1868 omnes
319 1829 467 1876 vertit,
494 1828 728 1870 &liberum
747 1827 932 1882 spiritum
951 1841 1059 1868 nunc
1088 1828 1138 1868 ad
1166 1828 1330 1882 superos
1362 1827 1531 1867 evolare

149 1885 360 1940 patitur&
376 1897 571 1941 magnum
593 1887 714 1926 inane
736 1897 987 1939 percurrere,
1015 1897 1124 1925 nunc
1143 1884 1372 1938 praecipitat
1397 1884 1446 1924 ad
1468 1884 1535 1924 in-

150 1941 264 1983 feros
278 1972 287 1988 ,
316 1942 359 1983 in
380 1956 449 1983 eas
469 1942 624 1983 incidat
647 1941 715 1983 vel
737 1943 1013 1997 cogitationes
1038 1941 1103 1982 vel
1125 1942 1347 1996 imagines,
1375 1942 1418 1981 in
1438 1941 1532 1996 qui-

151 1998 228 2041 bus
252 1999 343 2053 plus
362 1998 409 2041 fit
430 2001 538 2047 veri,
567 2012 686 2057 quam
706 1999 788 2054 ipse
809 2000 942 2054 primo
967 1999 1155 2039 contuitu
1183 1999 1432 2045 observarat,
1461 1996 1533 2038 vel

151 2055 290 2110 postea
310 2056 407 2096 inde
429 2058 553 2098 elicit.
608 2055 689 2098 Sed
711 2058 761 2097 de
780 2056 854 2096 hac
886 2070 929 2096 re
962 2055 1071 2096 forte
1096 2055 1310 2110 aliquando
1336 2068 1457 2109 agere
1476 2055 1531 2094 li-

154 2112 278 2159 cebit,
306 2111 336 2153 fi
356 2110 497 2167 poffim
518 2113 667 2162 facere,
695 2113 804 2168 quod
822 2113 1039 2167 aliquoties
1062 2125 1155 2153 cum
1178 2110 1533 2166 cogitafl'em,alia

151 2169 485 2224 interceperunt,
513 2177 558 2211 vt
579 2184 671 2225 quae
702 2183 809 2211 nova
841 2170 967 2223 vulgo
984 2169 1170 2210 feruntur
1191 2168 1532 2222 Philosophorum

152 2225 223 2267 vel
254 2226 423 2267 inventa
453 2227 518 2267 vel
540 2228 751 2282 dogmata,
781 2240 829 2266 ea
848 2239 931 2271 non
955 2225 1035 2266 esse
1056 2239 1162 2266 nova
1185 2225 1458 2272 ostenderem,
1487 2223 1531 2266 &

155 2284 267 2339 quod
279 2290 478 2324 conantur
499 2284 569 2324 alii
580 2285 757 2339 antiquis
779 2284 1004 2323 novitatem
1022 2283 1132 2329 dare,
1161 2296 1239 2336 ego
1259 2291 1401 2322 contra
1422 2282 1531 2322 anti-

153 2341 300 2396 quitati
321 2340 567 2381 vindicarem
589 2354 708 2381 nova.
763 2340 958 2382 Nondum
978 2339 1066 2381 dixi
1085 2339 1137 2379 de
1152 2338 1221 2379 illa
1243 2339 1407 2394 propria
1429 2343 1530 2392 poe·-

151 2404 286 2438 tarum
304 2397 481 2444 scientia,
511 2397 784 2452 Mythologia‚
805 2398 848 2437 in
868 2409 946 2451 qua
958 2398 1012 2437 ita
1025 2395 1159 2436 noster
1177 2397 1344 2442 habitat,
1365 2403 1411 2436 ut
1431 2408 1530 2449 pec-

154 2467 248 2496 care
276 2467 361 2496 non
382 2467 589 2510 nunquam
615 2453 685 2495 illa
702 2453 886 2507 jaetanda
906 2455 1052 2508 vbique
1072 2452 1115 2494 &
1135 2453 1372 2494 inculcanda
1391 2453 1529 2493 videa-

153 2517 245 2560 tur,
274 2525 354 2567 qua
373 2511 424 2551 de
444 2524 489 2551 re
508 2511 678 2559 deinde,
707 2525 800 2551 cum
821 2512 870 2550 de
891 2511 1060 2565 ingenio
1082 2509 1193 2551 illius
1214 2509 1256 2550 &
1279 2511 1440 2564 po‘e'tica
1468 2509 1530 2550 fa·

153 2569 307 2610 cultate
327 2569 530 2623 agendum
547 2570 648 2616 erit,
676 2567 826 2622 aliquid
847 2568 1055 2608 dicemus:
1085 2566 1152 2606 hic
1182 2567 1283 2608 illud
1311 2568 1432 2607 modo
1454 2566 1531 2607 ob·-

151 2624 383 2673 servamus,
425 2626 577 2667 habere
609 2624 790 2665 nostrum
832 2626 957 2664 etiam
997 2623 1212 2664 rariuscula
1240 2625 1444 2680 quaedam,
1483 2621 1531 2664 &

152 2694 239 2723 non
269 2683 420 2739 ubique
450 2683 596 2734 obvia,
622 2689 671 2724 ut
699 2681 749 2722 de
778 2681 1018 2723 animalibus
1039 2680 1168 2723 Lunae
1188 2693 1251 2730 24,
1274 2689 1350 2728 288.
1379 2682 1430 2722 de
1452 2679 1530 2778 Igu-

1481 2746 1530 2776 US
