1612 2948
233 127 281 172 36
515 119 605 164 CL.
635 117 1021 163 CLAUDIANI
1081 118 1166 162 111

158 234 233 273 290
272 219 567 275 Lernaeamque
589 219 728 259 virens
760 217 968 259 obsederat
989 218 1132 274 Hydra
1150 218 1353 273 paludem,

270 295 360 338 Hoc
381 293 605 335 monstrum
622 305 705 332 non
729 305 810 332 una
834 292 972 346 palus,
994 306 1077 333 non
1100 306 1181 333 una
1207 293 1409 336 tremebat·
1440 330 1445 334 ,

270 367 428 409 Insula:
459 365 525 406 sed
543 364 658 405 Latia
679 364 875 420 quidquid
901 365 1056 405 ditione
1081 364 1287 406 suba&um

269 441 402 488 Vivit,
424 440 466 482 ἃ
489 455 512 480 a
534 440 678 495 primis
701 439 867 493 Ganges
890 439 1081 481 horrebat
1101 441 1243 481 iberis.

273 515 363 557 Hoc
384 527 518 568 neque
543 511 761 568 Geryones
784 512 957 566 triplex,
984 525 1060 553 nec
1077 513 1260 554 turbidus
1280 512 1381 555 Orci

162 599 232 638 293
273 589 430 637 Janitor
450 586 681 642 aequabunt,
702 600 778 627 nec
795 583 825 626 fi
844 593 1059 627 concurrat
1080 587 1123 626 in
1144 599 1272 627 unum

278 663 357 707 Vis
376 663 545 719 Hydrae,
564 660 796 718 Scyllaeque
813 660 942 701 fames
955 691 965 709 ,
990 660 1032 702 &
1052 659 1213 702 flamma
1234 660 1463 704 Chimaerae.

278 736 498 779 Certamen
518 736 687 776 sublime
707 736 796 783 diu,
824 735 891 775 secl
917 735 1097 776 moribus
1117 736 1249 790 impar

280 810 520 857 Virtutum,
550 808 829 862 scelerumque
849 808 941 849 fuit.
967 807 1157 861 jugulare
1179 808 1384 849 minatur:

278 881 348 924 Tu
369 882 576 937 prohibes.
607 881 735 922 ditem
756 881 925 935 spoliat:
956 887 1002 921 tu
1024 881 1159 920 reddis
1180 882 1333 935 egenti.

167 970 241 1006 300
281 956 426 998 Eruit:
456 955 664 996 instauras.
696 955 882 996 accendit
908 953 1072 1008 praelia:
1103 953 1249 994 vincis.

333 1031 395 1073 Ac
418 1030 532 1072 velut
555 1028 709 1070 infecto
731 1029 898 1069 morbus
916 1028 1150 1069 crudescere
1168 1029 1280 1069 coelo

277 1105 489 1159 Incipiens
523 1104 678 1157 primos
705 1103 909 1156 pecudum
937 1101 1163 1156 depascitur
1184 1101 1321 1155 artus}

273 1178 375 1221 Mox
395 1176 571 1231 populos
592 1175 794 1230 urbesque
818 1175 946 1229 rapit,
977 1175 1194 1229 ventisque
1215 1173 1389 1229 perustis

271 1251 496 1305 Corruptos
517 1249 705 1306 Stygiam
737 1248 892 1304 pestem
914 1248 1078 1289 desudat
1106 1250 1149 1289 in
1171 1262 1334 1291 amnes:

164 1337 230 1376 305
280 1323 346 1365 Sic
368 1324 510 1365 avidus
540 1323 680 1378 praedo
700 1322 785 1376 jam
805 1336 889 1362 non
910 1335 984 1377 per
1004 1320 1158 1377 singula
1176 1322 1318 1371 saevit3

277 1398 357 1441 Sed
375 1399 542 1453 sceptris
562 1397 716 1439 inferre
738 1398 891 1447 minas,
916 1398 1110 1453 omnique
1132 1405 1321 1453 peremto

1404 1470 1551 1521 Milite,

168 1596 234 1631 294
257 1585 400 1629 Geryon
419 1584 510 1627 vulg.
524 1583 581 1626 fid
599 1582 777 1622 Geryones
788 1583 883 1616 etiam
901 1584 971 1616 Vic.

193 1641 252 1665 nes
267 1632 367 1665 MSS.
459 1638 520 1674 297
546 1626 698 1661 motibus
716 1629 757 1661 al.
850 1637 912 1668 302
937 1628 1049 1673 primo
1069 1631 1159 1674 vulg.

628 1682 693 1716 304
717 1671 886 1706 diffundit
909 1676 1093 1719 murgssafi

1039 1591 1103 1628 295
1126 1581 1282 1629 aequabat
1299 1585 1341 1617 al.
1411 1582 1478 1629 296
1497 1593 1551 1617 ca-

1249 1638 1312 1672 303
1336 1629 1432 1664 venis
1452 1630 1530 1664 MS.

220 1789 289 1822 298
320 1779 441 1812 Virens
453 1779 558 1811 Lerna
580 1775 720 1810 solemni
743 1789 844 1811 vene—

177 1834 338 1858 natorum
359 1822 524 1867 epitheto.
572 1822 626 1855 Sic
657 1824 777 1857 virides
797 1825 842 1856 la-

174 1879 272 1903 certos
302 1868 390 1901 dixit
411 1868 507 1912 Virg.
529 1867 588 1900 ecl.
608 1877 638 1908 2,
658 1878 679 1912 9
703 1877 734 1901 et
757 1870 842 1902 Hor.

175 1914 241 1949 Od.
263 1925 287 1955 ι,
307 1924 357 1956 23.
378 1912 418 1946 6:
452 1911 611 1946 colubras
642 1912 687 1945 id.
718 1913 784 1947 od.
818 1924 841 1954 ι,

176 1969 222 2000 17.
245 1965 284 1998 8:
308 1957 497 2004 Pythonem
518 1958 600 1991 Stat.
613 1956 721 1992 Theb.
740 1967 841 2001 1,711:

175 2006 352 2039 Dracones
371 2003 420 2037 Id.
442 2013 471 2043 2,
494 2012 566 2046 279.

226 2059 286 2093 293
312 2048 410 2082 Ponit
440 2049 626 2081 terminum
654 2046 746 2082 orbis
775 2050 844 2082 Ro-

179 2096 270 2127 mani
302 2093 549 2127 occidentalem
580 2091 694 2126 Iberos
725 2092 748 2125 s.
779 2094 844 2127 Hi-

178 2138 320 2183 spanos,
355 2138 391 2179 &
428 2138 628 2171 orientalem
656 2137 760 2172 Indos
799 2138 842 2172 ad

179 2186 338 2228 Gangen.
407 2184 532 2215 Primos
578 2181 692 2217 Iberos
740 2183 841 2225 dixit,

184 2229 215 2263 h.
235 2241 262 2261 e.
287 2238 465 2261 extremos.

179 2274 266 2307 verti
297 2269 433 2317 possunt
461 2273 495 2306 &
526 2273 715 2316 permutari
735 2283 774 2306 ut
795 2273 842 2306 al-

182 2329 257 2353 tum
277 2318 311 2352 δι
332 2316 556 2362 profundum.

225 2375 289 2407 294
318 2364 492 2397 Turbidum
514 2372 613 2396 vocat
634 2361 837 2405 Cerberum,

181 2420 198 2442 a
218 2420 340 2442 natura
361 2407 517 2441 animalis
537 2408 706 2451 inquieti,
738 2408 772 2442 &
792 2409 840 2442 la-

180 2464 270 2487 tratu
301 2452 472 2487 turbantis
503 2452 545 2486 ad
576 2453 754 2487 minimam
783 2465 840 2487 oc-

177 2500 341 2533 casionem
363 2497 501 2531 silentia.

888 1777 949 1811 diu
970 1776 1074 1820 erigit
1094 1775 1124 1810 se
1143 1785 1288 1821 uterque
1303 1776 1550 1822 pugnantium,

887 1832 926 1856 ut
960 1822 1042 1868 galli
1073 1820 1276 1866 gallinacei,
1309 1831 1347 1855 ut
1378 1821 1466 1855 illud
1488 1832 1551 1867 pat

887 1868 1120 1912 Virgilianum
1139 1868 1224 1901 Aen.
1247 1877 1278 1908 5,
1298 1867 1362 1910 426
1400 1868 1551 1909 Constitit

886 1915 922 1946 in
951 1914 1068 1956 digitos
1097 1915 1248 1956 extemplo
1269 1915 1385 1946 erec'i‘us
1407 1922 1549 1957 uterque,

887 1960 1081 2002 Brachiaque
1108 1959 1148 1991 ad
1159 1962 1291 2002 fitperas
1310 1959 1477 1992 interritus
1497 1971 1550 1993 ex-

886 2005 963 2037 tulit
981 2015 1081 2036 auras.

932 2059 994 2091 302
1017 2049 1072 2081 Sic
1100 2045 1291 2092 pestilentia
1311 2048 1429 2082 Attica
1460 2047 1550 2082 inci·

886 2094 938 2137 pit
959 2106 976 2126 a
995 2091 1148 2127 canibus.
1180 2095 1222 2126 V.
1246 2095 1376 2126 Lucret.
1397 2092 1431 2133 6,
1454 2102 1548 2128 1220.

885 2139 940 2172 Sic
969 2140 1007 2172 in
1029 2136 1200 2182 AEginensi
1228 2137 1319 2181 apud
1339 2138 1442 2171 Ovid.
1464 2139 1548 2172 Met.

883 2193 914 2226 7,
935 2184 995 2226 536
1019 2186 1132 2226 Strage
1149 2194 1261 2216 cauum
1275 2184 1548 2227 privita-depren-

534 2229 614 2261 Haec
645 2227 735 2261 cuim
761 2240 842 2262 con·
877 2232 915 2272 sit
933 2230 1074 2273 porentia
1091 2229 1199 2261 morbi.

931 2284 990 2316 303
1022 2274 1119 2307 Venti
1145 2272 1279 2316 perusii,
1307 2271 1409 2306 austri
1432 2272 1549 2307 calidi.

884 2321 929 2353 Vt
947 2329 1043 2352 urere
1067 2318 1187 2363 possint
1207 2318 1299 2351 venti
1312 2346 1320 2356 ,
1340 2318 1426 2362 ipsos
1450 2319 1549 2363 prius

885 2363 917 2396 h.
930 2376 958 2398 e.
979 2366 1066 2403 aera,
1099 2362 1236 2396 accendi
1254 2363 1380 2407 urique
1399 2372 1547 2408 oportet.

884 2410 990 2443 Porro
1011 2407 1111 2441 austri
1133 2405 1258 2442 aestuosl
1280 2418 1469 2453 propagare
1488 2419 1548 2453 pe-

885 2452 1066 2487 stilentiam
1096 2452 1213 2486 solent.
1276 2454 1392 2487 Attica
1419 2453 1478 2487 illa
1505 2461 1547 2486 ex

884 2498 1058 2549 AEtliiopia
1085 2508 1144 2542 per
1174 2499 1362 2542 AEgyptuni
1389 2499 1425 2533 ἃ
1453 2496 1549 2532 Afri-

226 2544 293 2588 296
318 2546 422 2585 Scyllae
451 2554 559 2583 canes,
586 2553 671 2586 quos
698 2554 715 2576 e
743 2544 839 2577 MSS.
884 2555 956 2577 cam
978 2552 1071 2577 venit
1090 2542 1132 2576 ad
1152 2544 1302 2577 Graecos.
1323 2545 1364 2578 V.
1386 2542 1543 2589 Thucyd.

178 2588 476 2628 attulitHcinlius,
498 2587 624 2621 eruditi
637 2598 725 2621 certe
737 2587 839 2621 libra-
884 2598 916 2630 2,
937 2595 990 2632 48.

179 2635 220 2667 rii
240 2633 335 2667 sunt:
359 2645 437 2667 cum
457 2633 513 2666 vix
533 2643 686 2677 unquam
706 2632 771 2667 sine
795 2633 835 2667 il·
925 2643 990 2676 304
1015 2634 1158 2676 Defioedat
1176 2632 1263 2666 illud
1285 2631 1442 2668 morbum
1462 2631 1546 2666 facit

177 2679 217 2712 lis
236 2689 454 2712 memoretur.
881 2678 1055 2723 personam
1068 2706 1076 2719 ,
1104 2681 1204 2722 cujus
1223 2677 1326 2713 sudor
1343 2677 1472 2712 inficiat
1492 2677 1544 2710 vi-

224 2733 286 2764 297
311 2724 447 2758 Suhh'me
466 2731 620 2757 certamen
640 2720 706 2761 est,
730 2733 834 2768 quam
879 2724 957 2757 cina
976 2734 1131 2769 corpora.
