1612 2948
366 150 403 194 D
416 151 450 194 E
491 151 588 193 1111.

654 151 834 194 CONS.
876 152 1105 194 HONOR

1343 167 1388 202 91

206 248 356 292 Clausit
383 262 511 304 opes:
551 262 747 304 quantum
776 249 921 292 distant
949 265 972 291 a
994 249 1165 306 Tigride
1189 249 1338 299 Gades,

205 328 320 369 Inter
347 327 385 368 se
416 325 568 367 Tanais
597 336 794 382 quantum
828 328 1022 382 Nilusque
1045 329 1291 383 relinquunt.

91 415 139 452 45

250 402 350 444 Haec
379 410 515 443 tamen
551 403 778 444 innumeris
807 417 881 458 per
909 403 948 444 se
980 402 1144 459 quaefita
1170 405 1366 459 tropaeis:

206 477 301 520 Non
331 478 497 533 generis
528 478 660 525 dono,
700 492 784 519 non
818 479 1040 520 ambitione
1071 480 1244 534 potitus·

204 553 342 608 Digna
369 554 453 608 legi
483 555 626 596 virtus.
656 555 766 596 ultro
797 554 836 594 se
864 567 1042 609 purpura
1071 555 1242 610 supplex

204 628 390 675 Obtulit,
425 628 468 671 &
503 629 611 670 solus
637 631 788 672 meruit
818 643 988 684 regnare
1019 639 1199 685 rogatus.

203 705 310 746 Nam
340 719 433 746 eum
462 706 666 746 barbaries
702 707 870 761 penitus
900 713 1105 746 commota
1136 714 1374 761 gementem

202 779 385 821 Irrueret
415 780 668 834 Rhodopen,
708 779 752 821 ἅτ
782 779 902 821 misto
929 780 1092 820 turbine
1120 783 1258 836 gentis

200 852 289 901 Jam
317 854 471 895 deserta
498 854 586 895 suas
614 856 656 894 in
685 867 762 894 nos
790 852 1096 895 transfunderet
1126 854 1291 903 Areios,

205 929 382 970 Danubii
411 937 511 970 totae
542 937 759 971 vomerent
788 943 883 971 cum
912 931 1054 985 praelia
1083 932 1199 987 ripae,

199 1003 302 1044 Cum
333 1002 491 1045 Geticis
529 1005 677 1060 ingens
718 1012 976 1060 premeretur
1005 1005 1134 1062 Myfia
1163 1006 1367 1063 plaustris,

197 1079 406 1135 Flavaque
437 1080 641 1122 Bistonios
671 1083 885 1136 operirent
915 1084 1079 1138 agmina
1105 1097 1296 1139 campos:

90 1167 129 1206 55

202 1155 406 1197 Omnibus
435 1154 609 1204 afflictis,
647 1155 690 1198 &
712 1157 779 1198 vel
808 1157 1039 1199 labentibus
1070 1155 1169 1205 ἰδω,

203 1229 285 1272 Vel
313 1243 443 1284 prope
473 1229 642 1277 casuris,
671 1244 778 1271 unus
809 1239 873 1272 tot
899 1231 1046 1274 funera
1073 1240 1216 1273 contra

197 1301 383 1347 Restitit,
408 1302 669 1357 extinxitque
691 1302 826 1350 faces,
855 1304 1054 1360 agrosque
1083 1304 1244 1346 colonis

202 1375 416 1422 Reddidit,
451 1374 494 1416 δε
520 1375 595 1416 leti
624 1377 759 1430 rapuit
787 1377 838 1417 de
865 1377 1052 1419 faucibus
1080 1377 1217 1418 urbes.

203 1449 327 1492 Nulla
356 1448 498 1491 relieta
526 1449 636 1491 foret
664 1450 840 1492 Romani
878 1453 1058 1492 nominis
1086 1453 1241 1500 umbra,

86 1529 140 1565 60

196 1526 249 1568 Ni
280 1532 395 1580 pater
422 1526 493 1567 ille
530 1533 626 1568 tuus
650 1526 736 1581 jam
757 1528 843 1582 jam
870 1529 1028 1570 ruitura
1055 1527 1218 1570 subiss'et

195 1599 402 1647 pondera,
428 1600 711 1655 turbatamque
743 1608 894 1649 ratem,
934 1609 1128 1657 certaque
1157 1600 1325 1644 levafl'et

197 1672 469 1729 Naufragium
488 1687 706 1715 commune
737 1688 871 1716 manu.
929 1674 1062 1720 Velut
1098 1676 1242 1716 ordine
1270 1684 1393 1732 rupto

85 1834 129 1877 46
157 1837 291 1880 potitur
316 1839 359 1871 al.

86 1892 144 1925 pro
166 1882 288 1932 ingens
319 1882 431 1915 coniic.
461 1884 576 1927 Heinfi

261 1939 331 1970 Jam
371 1930 442 1962 Vic.
490 1931 586 1963 Vim.

449 1845 496 1877 50
519 1837 633 1882 gentis
663 1837 779 1880 Heius.
815 1847 851 1869 ex
877 1835 978 1870 MSS.
1010 1844 1128 1880 gentes
1161 1838 1202 1870 al.

670 1892 712 1924 54
737 1882 928 1926 reperirent
966 1882 1036 1925 Bafi
1073 1882 1108 1918 &9'
1143 1884 1184 1915 al.
1215 1883 1273 1926 sed
1305 1885 1478 1928 operirent

679 1937 719 1967 55
743 1926 863 1960 afflatis
906 1929 982 1961 MS.
1025 1929 1110 1971 quasi
1144 1929 1298 1970 fulmine.

1369 1748 1475 1793 Cum

1294 1846 1330 1879 53
1353 1838 1478 1884 lugens

523 1983 562 2016 57
593 1973 755 2018 agrisque
782 1972 923 2006 colonos
938 1974 1014 2006 MS.

87 2066 141 2098 vel
161 2063 287 2099 elib-ani
309 2076 448 2107 terram,
471 2066 615 2110 planum
636 2064 756 2099 orbem

86 2111 236 2156 tegentis
256 2121 288 2145 ct
307 2111 464 2156 undiquc
485 2111 689 2145 claudentis.

132 2167 173 2199 45
198 2159 364 2201 Perseest
382 2157 438 2192 sua
457 2157 597 2198 virtute,
620 2156 688 2190 suis
710 2156 758 2190 la-

89 2201 244 2236 boribus.
290 2204 406 2237 Latius
426 2203 643 2248 persequitur
661 2202 759 2236 illam

86 2248 288 2282 eleffionem
319 2261 338 2283 a
359 2249 529 2283 Gratiano
548 2247 672 2282 fatiam
697 2249 760 2280 Pa-

89 2303 186 2327 catus
216 2304 308 2331 c.11.
372 2294 529 2334 Similia,
569 2303 602 2326 et
631 2293 761 2327 maiora

88 2338 174 2373 adeo
183 2338 224 2373 de
234 2341 386 2374 Traiano
408 2339 467 2374 suo
487 2339 621 2373 Plinius
633 2338 760 2379 Pan.6,

85 2384 121 2425 6,
147 2383 188 2417 de
207 2396 276 2428 quo
297 2385 425 2419 diceret
444 2383 574 2426 noster,
590 2387 678 2429 sblus
696 2395 762 2418 me-

90 2431 158 2463 ruit
172 2442 304 2474 regnare
323 2433 455 2464 coaetus.

137 2484 182 2515 50
205 2477 323 2510 Gentis
348 2487 389 2510 ex
413 2475 605 2510 Heinsianis
633 2475 762 2511 codici-

95 2518 160 2553 bus
182 2521 309 2555 retinui
337 2522 483 2563 merito,
520 2533 586 2567 pro
616 2522 761 2565 vulgato

88 2575 211 2609 gentes.
255 2565 321 2600 sed
346 2566 439 2611 quod
459 2566 504 2601 est
525 2568 562 2600 in
582 2567 764 2600 Heinfiana

90 2611 313 2646 annotatione
327 2639 336 2653 ,
369 2613 485 2646 Gentis
503 2611 674 2657 postulare
693 2611 764 2645 sen-

96 2655 168 2690 sum
180 2684 189 2697 ,
211 2667 281 2691 non
301 2657 470 2701 intelligo.
513 2658 569 2691 Est
585 2659 676 2692 enim
692 2669 763 2691 cer·

94 2710 128 2735 te
166 2701 394 2736 Accusativus
429 2703 597 2747 pluralis:
653 2705 764 2738 Ανέἶος

101 2745 331 2792 (septentrio)
364 2748 434 2790 jam
461 2749 603 2792 deserta,
625 2747 672 2783 ob
691 2760 762 2783 ma-

803 2076 906 2110 gnam
926 2064 997 2099 vim
1026 2065 1181 2100 virorum
1202 2065 1374 2109 emissam,
1400 2070 1477 2113 fims

800 2120 910 2156 gentes
929 2109 950 2144 s.
976 2111 1124 2156 populos
1142 2111 1179 2145 in
1197 2123 1259 2146 nos
1279 2113 1478 2148 transfudit.

847 2166 884 2197 53
909 2158 1082 2199 Plaustris,
1118 2157 1161 2190 de
1188 2157 1318 2202 quibus
1344 2171 1480 2205 pugna-

805 2212 892 2243 rent,
919 2202 955 2235 in
975 2200 1108 2247 quibus
1127 2202 1234 2236 vitam
1255 2215 1394 2248 agerent
1418 2205 1475 2239 bo-

805 2259 885 2281 nam
908 2257 1052 2292 partem,
1076 2248 1303 2284 Hamaxobii.

850 2303 891 2336 54
922 2295 1022 2327 flava
1057 2295 1187 2337 agmina
1224 2306 1242 2329 a
1270 2296 1478 2340 capillorum

805 2338 931 2380 colore,
955 2350 1042 2383 quos
1055 2338 1336 2383 septentrionales
1359 2353 1478 2386 gentes

806 2383 934 2425 flavos,
965 2384 1110 2425 rutilos,
1138 2384 1273 2426 fulvos,
1295 2386 1389 2421 rufos
1419 2387 1477 2421 ha-

806 2427 935 2463 berent.
979 2430 1153 2471 Bistonium
1164 2430 1228 2464 ess‘e
1238 2431 1390 2466 Thraciae
1404 2434 1479 2478 epi-

806 2474 946 2516 theton,
987 2474 1128 2509 constat.

852 2521 902 2555 60
925 2523 1008 2553 Tres
1036 2520 1278 2555 similitudines
1298 2523 1478 2557 continuat

808 2570 921 2611 poeta.
963 2564 1176 2600 Theodosius
1195 2565 1296 2600 subiit
1326 2568 1479 2613 pondera

806 2612 828 2645 s.
860 2622 968 2651 onus,
1015 2611 1112 2644 navis
1142 2610 1365 2657 naufragium
1413 2614 1478 2648 im-

807 2657 915 2702 pedit,
931 2656 1025 2690 velut
1038 2655 1188 2689 Phoebus
1203 2657 1274 2702 post
1287 2658 1480 2694 Phaethon-

807 2704 850 2737 tis
871 2701 981 2736 casum
1001 2701 1158 2735 ordinem
1171 2712 1285 2737 rerum
1304 2703 1463 2740 restituit.-
