1612 2948
182 153 229 195 86

511 148 598 190 CL.
634 147 1023 191 CLAUDIANI
1059 147 1145 192 VII

206 219 373 286 Saecuia'
393 246 464 301 qui
486 244 621 286 rursus
642 244 823 287 forment
853 247 1024 287 meliore
1055 246 1237 289 metallo.

98 326 156 368 185

262 319 395 374 Luget
417 320 609 359 avarities
633 318 792 376 Stygiis
821 321 974 361 innexa
1005 322 1177 368 catenis,

203 392 387 447 Cumque
412 391 481 432 suo
500 393 670 433 demens
699 393 921 448 expellitur
949 394 1126 435 ambitus
1150 407 1262 436 auro.

208 469 304 511 Non
325 469 587 511 dominantur
605 483 732 526 opes:
770 483 854 510 non
883 472 1187 525 corrumpentia
1209 471 1343 512 sensus

208 542 327 584 Dona
350 543 503 583 valent.
534 544 685 585 emitur
710 542 792 584 sola
815 544 968 584 virtute
990 543 1179 598 potestas,

209 615 406 659 Vnanimi
432 615 599 664 fratres,
638 630 814 673 quorum
840 630 951 657 mare
979 624 1168 673 terraque
1196 616 1291 657 fatis

97 702 166 736 190
215 689 449 737 Debentur,
475 691 765 747 quodcumque
784 703 928 732 manus
950 688 1075 731 evasit
1094 691 1235 737 avitas,

206 762 328 812 Quod
351 762 529 817 superest
548 765 667 819 patri.
696 765 814 806 vobis
832 765 915 819 jam
942 763 1147 804 Mulciber
1167 776 1278 803 arma

204 837 431 893 Praeparat,
459 838 502 881 &
521 837 658 880 Sicula
680 838 862 896 Cyclops
895 839 1041 881 incude
1068 838 1237 880 laborat.

207 916 384 958 Brontes
406 916 635 957 innumeris
668 916 877 972 exasperat
907 917 1039 973 aegida
1058 913 1210 971 signis:

201 991 344 1033 Altum
363 991 561 1032 fulminea
587 991 760 1046 crispare
786 992 829 1032 in
850 989 994 1033 caffide
1022 1004 1176 1032 conum

95 1076 153 1113 193
191 1064 369 1107 Festinat
393 1063 612 1119 Steropes:
642 1062 772 1106 nectit
791 1065 960 1106 thoraca
979 1065 1235 1123 Pyracmom

202 1139 467 1195 Ignissuisque
491 1141 620 1194 gemit
641 1139 790 1197 Lipare
819 1139 976 1182 fumosa
1003 1139 1205 1181 cavernis.

1345 1209 1478 1256 Vobis

216 1289 274 1325 185
306 1281 460 1320 immersa
487 1284 575 1327 quid.
594 1286 693 1320 MSS.
743 1286 830 1337 apud·
849 1285 963 1329 Heius.
1000 1285 1057 1328 qui
1083 1283 1165 1328 conj.
1199 1282 1355 1319 immersa

695 1340 861 1364 cavernis.

137 1397 197 1434 184
220 1391 378 1426 Allusuin
409 1392 451 1426 ed
481 1392 568 1426 illud
599 1391 759 1427 saeculuin

92 1447 236 1470 aureum
263 1438 328 1471 ἃς.
396 1437 461 1471 Sed
493 1437 668 1481 quomodo
695 1437 760 1471 hoc

92 1482 161 1516 dici
189 1482 255 1517 line
287 1483 413 1527 injuria
443 1483 479 1516 in
503 1482 685 1517 Theodosii
707 1482 761 1515 sce.

91 1528 209 1562 culum
258 1529 437 1572 potuerit,
485 1538 553 1562 non
603 1527 761 1569 dixerim,

92 1572 152 1607 nisi
180 1573 201 1607 si
228 1576 336 1618 rursus
361 1573 416 1609 hic
447 1585 516 1606 non
548 1571 763 1607 reformatio-

92 1629 168 1652 nem
189 1628 297 1659 notat,
317 1619 371 1653 sed
391 1619 699 1652 continuationem.

139 1670 196 1708 189
230 1667 307 1698 Fata
333 1664 389 1698 hic
415 1664 511 1704 sunt,
549 1674 764 1708 quaecunque

92 1708 262 1743 divinitus
284 1709 457 1754 adsignata
483 1708 560 1742 sunt
587 1709 621 1743 &
643 1719 662 1742 a
682 1720 761 1753 pto-

92 1754 247 1788 videntia
273 1756 427 1791 Deorum
455 1752 632 1789 attributa.
678 1755 762 1788 Avi-

91 1809 132 1833 τε
158 1813 270 1834 manus
299 1800 341 1834 ad
380 1802 606 1846 Imperatores
637 1810 762 1844 praece.

92 1845 212 1878 dentes
255 1845 402 1882 refertur
442 1845 659 1890 simpliciter,
699 1844 759 1890 qui

89 1900 234 1936 propter
260 1891 354 1926 illam
387 1890 610 1968 adoptionem
641 1890 683 1924 ad
711 1889 760 1923 so-

91 1936 248 1970 cietatem
277 1936 312 1970 &
351 1936 455 1970 succel
470 1936 585 1972 ionem
623 1934 761 1979 imperii

92 1980 166 2025 (de
188 1993 254 2026 qua
271 1981 343 2016 vid.
362 1984 420 2017 Ez.
439 1980 565 2026 Spanh.
596 1979 636 2013 ad
656 1980 762 2024 Julia.

91 2027 151 2060 Or.
171 2038 183 2060 1
209 2039 241 2071 p.
255 2027 300 2069 46
319 2026 381 2071 sq.)
405 2036 442 2059 ut
463 2037 530 2060 una
542 2025 671 2059 familia
683 2036 765 2059 con-

91 2071 291 2107 siderantur.
339 2074 389 2105 Ita
409 2078 441 2113 8,
458 2082 501 2106 20
533 2072 622 2106 lbera
653 2073 762 2106 domus

91 2114 137 2150 est
148 2117 287 2160 Ti‘ajani
299 2117 334 2151 δε
345 2115 581 2153 successorum.
603 2116 698 2161 Qin
711 2126 763 2148 re-

91 2161 222 2206 spe-&us
241 2162 344 2195 etiam
364 2161 541 2206 sanguinis
568 2160 624 2194 hic
645 2162 760 2194 locuni

93 2205 207 2248 habet,
228 2207 319 2252 quod
333 2206 542 2242 Theodosius
555 2207 641 2250 Imp.
662 2207 762 2249 origi-

89 2264 161 2287 nem
179 2265 197 2285 a
222 2253 360 2294 Trajano
378 2253 521 2299 principe
542 2252 666 2287 trahere
685 2251 762 2295 qui-

91 2295 238 2331 busdam
265 2296 418 2331 creditus
446 2296 510 2336 est,
547 2305 586 2329 ut
615 2296 758 2333 Aurelio

90 2342 220 2377 Victori
240 2343 322 2388 epit.
336 2347 389 2385 48.
435 2343 476 2375 Et
499 2350 613 2386 apt-rte
633 2340 759 2375 alludit

92 2386 204 2422 noster
225 2394 326 2433 8‚19:
349 2388 502 2421 &laudes
515 2388 620 2419 avitas
640 2385 757 2420 eadem

93 2433 226 2467 ratione
246 2433 342 2478 ponit
365 2443 456 2474 ν.41.
480 2429 570 2465 conf.
591 2440 691 2474 1233.

142 2488 199 2524 ¹9¹²
239 2481 286 2512 Ut
323 2480 434 2512 AEneae
464 2476 607 2510 Veneris
634 2485 757 2520 rogatu

92 2524 185 2569 apud
205 2525 302 2568 Virg.
321 2525 395 2557 AEn.
415 2529 446 2562 8,
476 2521 569 2555 unde
587 2532 617 2558 v,
639 2531 694 2564 417
723 2521 759 2554 &

89 2570 215 2614 Lipare
236 2569 475 2614 &Cyclopum
493 2576 630 2611 accepta
651 2567 761 2600 nomi-

91 2624 146 2647 na.
191 2614 424 2649 Luxuriarunt
454 2613 487 2647 iri
515 2612 634 2656 clipeis
666 2612 761 2656 inge-

94 2660 151 2691 nia
173 2663 353 2703 poetarum
388 2657 461 2703 post
481 2659 671 2693 Homerum
693 2658 761 2692 He-

92 2703 312 2748 nodumque,
339 2713 377 2737 ut
398 2704 501 2736 mirer
515 2730 524 2744 ‚
546 2703 593 2736 ita
613 2700 762 2736 breviter

93 2747 136 2781 :ib
158 2749 218 2783 hac
237 2750 331 2782 velut
343 2749 459 2782 Sirene
477 2746 637 2793 expedire
649 2746 679 2781 se
699 2758 762 2794 po·

95 2793 194 2827 tuisse
215 2793 378 2828 nostrum.

852 1404 910 1439 194
934 1395 1077 1438 Crzjfpare
1117 1392 1279 1429 aud-atter
1318 1391 1477 1437 positum,

805 1450 933 1474 conum
971 1450 1009 1471 ex
1047 1449 1110 1472 aere
1139 1449 1259 1483 parare
1297 1437 1390 1481 jubis
1421 1447 1478 1471 aut

807 1485 930 1528 pennis
956 1483 1075 1528 crispis
1105 1482 1315 1528 recipiendis
1336 1493 1475 1528 aptum:

808 1528 869 1563 nisi
897 1530 1057 1562 malimus
1089 1540 1105 1562 e
1128 1529 1312 1561 fllanientis
1334 1529 1479 1561 metalli-

808 1575 856 1608 cis
885 1583 1038 1618 paratam
1059 1573 1215 1615 cristmn;
1243 1585 1284 1606 ne
1305 1584 1393 1608 nova
1415 1573 1476 1606 fint

807 1620 1048 1664 capillamenta
1076 1619 1202 1660 ferrea,
1234 1630 1308 1663 quae
1336 1619 1478 1653 formari

807 1675 919 1711 nuper
946 1664 1136 1709 gestui-ique
1156 1673 1346 1709 coepei'unt.

853 1765 910 1800 197
935 1753 1046 1788 Debet
1075 1754 1207 1789 nobiles
1240 1755 1397 1800 equarias
1438 1766 1476 1789 en

804 1799 1003 1845 tempestate
1035 1799 1188 1835 habuiss'c
1207 1802 1319 1844 Jonia,
1341 1811 1477 1845 canipe-

807 1844 881 1880 stris
902 1846 998 1889 regio
1018 1846 1051 1879 &
1065 1846 1266 1891 gianiinosa.
1316 1845 1475 1890 Neptuni

806 1902 895 1936 opus
914 1902 1042 1934 equum
1056 1919 1064 1932 ,
1096 1903 1244 1937 eumque
1268 1891 1348 1924 inde
1369 1892 1476 1924 ἵππιον

807 1937 922 1970 vocari
949 1935 971 1970 s.
1001 1935 1211 1980 equestrem,
1236 1937 1272 1970 &
1301 1935 1474 1981 praesidcin

807 1980 871 2015 ell'e
896 1981 979 2015 olim
1000 1981 1164 2015 ludorum
1186 1982 1381 2023 curulium,
1412 1982 1473 2026 qui

807 2027 1025 2067 meminerit,
1054 2027 1112 2061 ille
1139 2026 1230 2061 hunc
1260 2028 1372 2060 locuni
1394 2026 1476 2060 faci-

806 2072 874 2105 lius
896 2071 1075 2118 intelliget.
1145 2073 1175 2105 A
1196 2073 1330 2117 poetica
1359 2083 1473 2106 autem

807 2116 979 2162 phantasia
1011 2117 1078 2158 est,
1107 2117 1202 2161 quod
1231 2118 1350 2151 virides
1379 2116 1473 2158 facit,

806 2162 899 2206 quod
930 2164 1002 2205 alga
1031 2163 1160 2196 nutrit:
1201 2161 1388 2207 hyperbole
1413 2162 1474 2195 illa

806 2207 979 2242 leviffimae
990 2207 1170 2241 celeritatis
1191 2209 1293 2240 etiam
1314 2207 1472 2252 aliispla-

804 2252 888 2286 cuit.
934 2254 1077 2286 Fontem
1107 2252 1210 2286 modo
1239 2250 1472 2285 indicabimus

800 2297 899 2332 Iliad.
921 2302 969 2339 T,
988 2307 1045 2340 227
1069 2297 1110 2330 dc
1139 2295 1293 2342 equabus
1324 2309 1341 2330 e
1368 2299 1473 2331 Borea

802 2343 977 2387 conceptis
1058 2342 1179 2385 Ἀκςον
1219 2343 1268 2375 ἐπ’
1306 2343 1472 2386 ἀνθερίκων

801 2389 922 2431 καρπόν
939 2388 1018 2427 θέον,
1043 2388 1097 2421 εἰδὲ
1115 2389 1293 2421 κατέκλων.
1340 2389 1375 2423 ἃ
1406 2398 1470 2433 229

797 2432 914 2476 Ἄκρον
939 2435 993 2467 ἐπὶ
1022 2438 1178 2476 ῥηγμῖνος
1208 2433 1298 2466 α’λός
1339 2436 1469 2467 πυλίοιο

805 2480 942 2512 θέεσκον.
1010 2480 1051 2512 Et
1080 2479 1232 2523 primum
1258 2479 1373 2512 rivum
1393 2481 1468 2512 AEn.

805 2534 848 2566 7,
879 2530 938 2563 801
1017 2523 1079 2557 Illa
1108 2524 1160 2556 vel
1189 2524 1322 2558 intat‘cae
1350 2524 1470 2569 segetis

807 2579 866 2613 per
905 2567 1035 2601 summa
1078 2569 1208 2602 volaret
1289 2570 1468 2610 Gramina,

805 2625 865 2646 nec
897 2624 1028 2647 teneras
1057 2614 1153 2647 cui-sii
1181 2612 1306 2648 Iaesiffet
1332 2613 1470 2648 aristas:

804 2659 867 2693 Vel
888 2669 979 2691 mare
1002 2670 1060 2703 per
1085 2659 1249 2700 medium,
1278 2659 1382 2694 fluCtu
1402 2658 1468 2692 sus—

818 2703 905 2736 iensa
949 2705 1096 2738 tumenti
1164 2706 1279 2738 Ferret
1300 2706 1383 2745 iter,
1414 2716 1469 2737 ce·

806 2716 892 2783 letes
911 2760 973 2784 nee
991 2749 1137 2794 tingeret
1150 2760 1284 2796 aequore
1301 2750 1444 2795 plantas.
