1612 2948
475 96 547 140 IN
576 95 892 140 RUFINUM

948 94 1070 139 LIB.
1099 96 1122 140 I
1366 112 1405 149 33

108 209 178 248 250
220 197 254 240 F
258 209 383 238 unera
380 195 514 256 ,quis
533 195 667 237 caedes
688 193 807 250 poffit
827 193 978 237 deflere
1000 194 1194 236 nefandas
1207 193 1232 237 2

221 271 332 322 Quid
364 256 460 310 tase*
476 270 675 310 immanes
700 259 894 326 uquuam
917 267 1070 325 gestisse
1091 268 1280 312 feruntur

218 345 301 388 Vel
321 343 430 385 Sinis
450 344 662 387 Isthmiaca
682 346 804 399 pinu,
831 345 899 385 vel
922 358 1023 400 rupe
1041 345 1243 400 profunda

215 419 374 468 Sciron,
397 419 463 460 vel
484 420 665 460 Phalaris
685 428 821 468 tauro,
845 421 911 461 vel
931 434 1094 462 carcere
1112 420 1259 463 Sulla?

166 536 172 541 ,
222 496 260 538 O
281 497 402 537 mites
431 496 646 537 Diomedis
679 496 798 552 equi!
835 495 1024 537 Busiridis
1049 510 1130 540 arae

109 582 172 619 235
229 571 489 613 clementes!
515 574 599 627 jam
620 571 751 613 Cinna
763 572 884 627 pius,
904 571 1011 625 jam,
1038 569 1252 626 Spartace,
1271 573 1377 615 lenis

217 643 369 686 Rufino
391 646 563 687 collatus
587 647 680 686 eris.
711 644 914 698 dejecerat
934 631 1075 698 amens

212 721 400 763 Occultis
421 722 525 763 odiis
549 729 703 768 terror,
734 721 929 775 tacitique
949 720 1130 775 sepultos

220 793 428 851 Suspirant
446 797 645 851 gemitus,
676 795 962 850 indignarique
981 801 1189 836 verentur.

276 872 334 913 At
354 885 437 912 non
465 871 714 926 magnanimi
734 871 863 911 virtus
885 868 1126 911 Stilichonis
1145 870 1292 913 eodem

109 952 182 989 260
211 948 246 991 F
248 946 356 990 rana
376 955 514 989 metu:
544 947 680 988 medio
707 946 814 988 solus
845 946 913 988 sed
939 947 1103 988 turbine
1122 961 1261 988 rerum

111 1123 173 1158 252
194 1116 346 1162 Cyclops
356 1116 492 1153 hamata
510 1130 613 1163 marg.
625 1119 696 1163 Bas.

112 1173 226 1195 amens
247 1165 342 1196 etiam
369 1166 439 1197 Vic.
457 1165 491 1201 ὃς
516 1167 608 1198 Vien.

765 1125 827 1160 254
851 1127 957 1161 equos
969 1138 983 1145 -
993 1127 1066 1152 aras
1079 1119 1156 1153 MS.

1348 1021 1502 1065 Contra

1224 1116 1290 1158 256
1315 1129 1433 1154 omnes
1450 1122 1492 1155 al.

706 1168 765 1204 258
790 1162 1034 1207 indignatique
1053 1166 1094 1197 al.
1124 1165 1207 1208 quod
1225 1166 1330 1208 placet
1349 1167 1491 1200 Barthio.

111 1206 181 1242 260
205 1207 390 1252 medioque
409 1209 443 1242 in
463 1210 553 1253 vulg.
573 1208 688 1243 medio
708 1208 796 1242 solus
819 1207 873 1242 sed
891 1202 932 1242 izl.
962 1207 1052 1241 solus
1072 1209 1186 1243 medio
1206 1209 1260 1242 sed
1279 1211 1321 1243 czl.
1342 1209 1402 1244 sese
1423 1223 1494 1245 rne-

157 1252 217 1287 dio
241 1252 295 1286 sed
322 1256 436 1298 primae
454 1255 545 1288 editt.
573 1254 633 1288 sese
654 1254 768 1292 medio
785 1253 828 1286 de
847 1256 888 1287 al.
909 1253 1024 1287 medio
1042 1253 1104 1288 sese
1123 1253 1178 1288 sed
1199 1256 1303 1298 Cujac.
1322 1257 1362 1289 ad
1380 1257 1450 1301 Bas:

531 1298 621 1333 solus
648 1299 762 1333 medio
783 1298 844 1344 qui
870 1299 951 1342 conj.
970 1300 1087 1343 Heinfi

157 1392 222 1425 250
252 1386 357 1419 Tanta
371 1386 504 1427 funera,
528 1396 599 1420 non
621 1384 783 1431 simplici-

111 1437 162 1462 ter
202 1439 265 1474 pro
295 1439 347 1464 tot
376 1430 545 1476 positum:
585 1430 642 1465 sed
677 1430 781 1475 etiam

112 1483 183 1508 tam
202 1485 337 1519 magna.

144 1526 217 1560 '252
240 1519 378 1554 Solebat
399 1522 488 1556 Sinis
513 1521 601 1556 latro
617 1519 782 1555 Isthmum

113 1564 334 1600 Corinthiam
366 1565 523 1601 obsidens
559 1567 691 1601 inflexis
728 1568 782 1612 pi-

113 1621 226 1645 nuum
248 1610 489 1646 cacuminibus
522 1612 640 1656 (unde
667 1625 780 1646 meva-

111 1656 276 1699 κάμπτης
303 1656 444 1700 dietus)
486 1657 638 1703 deligare
671 1658 782 1692 homi-

112 1713 192 1743 nes,
223 1702 327 1736 &ita
356 1702 581 1738 redeuntibus
611 1703 654 1737 ad
684 1704 782 1749 inge—

113 1747 213 1781 nium
234 1745 415 1782 arboribus
436 1748 636 1791 dilacerare,
659 1748 779 1783 eodem

113 1791 239 1827 deinde
280 1792 450 1838 supplicio
496 1794 566 1840 ipse
595 1806 613 1828 a
651 1793 780 1829 Theseo

113 1846 303 1884 peremtus,
328 1840 406 1873 Vid.
421 1839 535 1874 Pausa.
547 1839 707 1875 Corinth.
720 1851 778 1874 c.1.

160 1893 216 1925 253
241 1885 353 1918 Sciron
380 1884 520 1919 infamis
550 1887 586 1919 &
607 1886 674 1931 ipse
692 1886 780 1920 latro

112 1927 190 1963 saxa
210 1929 367 1974 quaedam
387 1931 475 1964 inter
496 1932 637 1975 Megara
658 1931 692 1965 &
713 1932 782 1964 Co-

119 1973 275 2008 rinthum
295 1973 504 2015 inhabitam,
529 1976 608 2009 inde
627 1976 781 2010 homines

115 2019 152 2054 in
180 2024 272 2053 mare
294 2019 439 2054 deiecit:
471 2020 524 2055 sed
553 2020 620 2066 ipse
642 2032 782 2066 quoque

113 2064 242 2099 Theseo
254 2065 398 2099 eandem
409 2077 544 2112 poenmn
558 2067 665 2108 dedit,
687 2065 782 2112 quod

114 2110 207 2145 idem
230 2110 411 2145 Pausanias
438 2111 544 2146 tradit
570 2113 698 2146 Atticis
727 2122 784 2145 ex-

115 2155 247 2189 tremis.
293 2156 345 2190 De
366 2157 468 2190 Sullae
489 2157 694 2191 crudelitate
705 2159 781 2191 Sen.

117 2201 160 2236 de
170 2200 283 2235 Benef.
295 2211 325 2243 5,
349 2201 385 2236 16
406 2203 441 2237 <Sc
461 2202 503 2236 de
513 2203 783 2243 Clem.1,12&c.

164 2255 226 2290 254
249 2249 416 2282 Diomedis
430 2250 501 2292 equi
521 2259 621 2282 carne
634 2248 784 2282 humana

118 2288 204 2337 pasti
232 2303 250 2326 a
287 2292 430 2330 domino
458 2293 536 2334 suo,
573 2305 676 2338 quem
713 2293 784 2327 illis

116 2336 257 2381 tandem
286 2337 523 2373 devorandum
551 2338 679 2374 obiecit
698 2341 787 2373 Her-

121 2382 239 2424 cules,
276 2383 369 2427 (vid.
398 2384 504 2419 Diod.
538 2385 604 2418 Sic.
624 2397 644 2427 4
688 2396 717 2419 c.
739 2393 784 2424 15.

121 2428 227 2461 Ovid.
245 2430 326 2463 Met.
347 2439 381 2474 9,
403 2440 461 2474 194
481 2430 577 2476 ὅτε.)
604 2430 705 2463 mites
733 2430 784 2463 vi-

123 2471 197 2505 deri
214 2472 372 2517 possunt,
399 2474 421 2508 si
440 2486 518 2509 cum
541 2474 671 2512 Rufino
690 2486 784 2510 com-

121 2527 296 2561 parentur.
363 2522 515 2563 Bufiriclis
539 2522 688 2555 illaudati
715 2533 785 2554 aras

121 2562 207 2596 olim
236 2566 414 2607 poetarum
450 2566 484 2601 δι
515 2566 784 2601 decl-amatorum

123 2608 300 2641 materiem
320 2607 431 2652 fuiffe,
451 2611 583 2646 indicat
604 2612 702 2657 Virg.
721 2613 785 2646 Ge.

122 2662 140 2694 3
168 2663 219 2697 pr.
251 2653 287 2687 ἀ
314 2654 471 2700 ineptum
501 2657 599 2691 illius
628 2656 788 2692 laudato-

123 2708 195 2732 rem
215 2697 339 2734 refellit
362 2700 400 2734 in
416 2703 573 2738 encomio
593 2701 765 2738 1socrates.

805 1374 810 1380 ’
870 1393 930 1426 255
960 1384 1094 1426 Cinna,
1124 1384 1265 1422 adiutor
1291 1386 1349 1421 ille
1377 1386 1413 1421 &
1444 1397 1496 1422 re-

826 1440 968 1464 vocator
984 1431 1024 1464 C.
1036 1430 1154 1473 Marii,
1175 1431 1373 1467 interfeelor
1392 1433 1495 1468 osta-

824 1476 872 1509 vii
891 1474 1069 1519 Consulis,
1097 1477 1144 1510 M.
1166 1477 1314 1511 Antonii
1334 1479 1493 1520 oratoris,

826 1530 1029 1555 ceterorum.
1070 1521 1152 1556 Vid.
1183 1523 1270 1557 Vell.
1297 1524 1368 1558 Pat.
1389 1534 1426 1564 2,
1453 1534 1492 1559 22

827 1567 889 1612 qui
929 1567 1072 1612 pulchre
1110 1566 1152 1601 de
1190 1568 1251 1602 illo
1287 1580 1314 1602 e.
1336 1579 1376 1612 24
1408 1578 1491 1604 extr.

826 1614 934 1656 ausum
952 1625 1042 1654 eum,
1075 1625 1146 1658 quae
1172 1625 1261 1647 nemo
1286 1616 1413 1648 auderet
1441 1617 1493 1649 bo-

826 1671 905 1697 ·nu53
923 1660 1094 1702 pevfeczffe,
1112 1671 1181 1702 quae
1201 1672 1219 1692 ιι
1245 1662 1333 1693 nullo
1346 1662 1405 1702 nisi
1418 1662 1493 1703 for-

826 1705 955 1745 tiffimo,
992 1705 1100 1747 perfici
1139 1706 1268 1748 postem.
1347 1704 1494 1750 Spartaci

826 1760 952 1783 nomen
972 1748 1055 1782 servi
1071 1777 1080 1791 ,
1099 1750 1159 1794 qui
1179 1751 1235 1783 XL
1255 1749 1410 1784 millibus
1430 1750 1495 1784 ser-

829 1805 953 1828 vorum
985 1793 1137 1829 colleffis
1167 1804 1332 1829 terrorem
1361 1797 1396 1830 ἃ
1426 1797 1495 1830 cla-

826 1839 885 1873 des
906 1840 1011 1873 ltaliae
1032 1841 1216 1881 intulerat,
1241 1841 1402 1882 humilis,
1432 1853 1492 1876 au-

827 1885 932 1926 dacis,
951 1885 1114 1926 crudelis,
1138 1885 1283 1921 seditiofi
1305 1886 1492 1932 appellatio

826 1930 924 1964 faeta.
957 1930 1038 1966 Vid.
1066 1931 1153 1965 Vell.
1194 1942 1223 1971 2,
1249 1942 1302 1973 30.
1371 1933 1493 1968 Cicero

827 1975 914 2008 Phil.
934 1987 955 2018 4
978 1985 1062 2010 extr.
1095 1977 1289 2011 Antonium
1305 1987 1405 2012 vocat
1421 1989 1494 2023 per·

825 2023 982 2063 cufforem,
1003 2022 1169 2063 latronem,
1192 2025 1386 2066 Spartacum.

873 2066 935 2106 256
963 2070 1079 2101 Amem
1100 2077 1221 2108 terror,
1250 2067 1431 2103 vehemens
1457 2068 1494 2103 δε

827 2111 974 2156 dignum
1012 2112 1144 2148 summo
1174 2116 1274 2158 poeta
1303 2113 1494 2158 epitheton,

828 2156 924 2202 quod
953 2156 1103 2192 restituit
1130 2169 1170 2192 ex
1202 2160 1296 2193 MSS.
1322 2160 1493 2200 Heinsius,

828 2202 924 2248 quod
968 2202 1081 2237 firmat
1120 2204 1348 2249 antiquissima
1387 2205 1495 2240 editio

827 2248 1011 2283 Vicentina
1038 2249 1074 2282 δι
1094 2249 1272 2285 emendata
1295 2250 1371 2284 sane
1390 2252 1496 2285 Vien-

829 2293 948 2328 nensis.
994 2295 1036 2327 Et
1062 2304 1177 2328 tamen
1203 2308 1308 2330 omnes
1328 2308 1413 2339 pene
1436 2307 1496 2329 ne-

827 2338 1007 2373 ceffarium
1025 2338 1108 2375 facit
1123 2340 1224 2382 illud,
1242 2341 1341 2386 quod
1361 2342 1419 2374 vix
1439 2339 1498 2374 ab·

830 2383 895 2418 effe
925 2384 1034 2429 potest
1056 2385 1289 2428 accusatiuus,
1321 2387 1414 2420 unde
1443 2387 1498 2420 in-

827 2429 1025 2475 telligatur,
1054 2432 1132 2475 quis
1158 2431 1309 2475 dejeelus
1331 2431 1377 2465 fir.
1423 2433 1498 2468 Nec

829 2475 943 2509 rursus
978 2475 1133 2510 librariis
1162 2476 1401 2511 semibarbaris
1438 2478 1498 2512 de-

828 2520 903 2555 beri
933 2520 1042 2565 potest
1073 2534 1190 2556 amens.
1258 2523 1355 2570 Qid
1394 2523 1415 2557 fi
1450 2524 1499 2558 ita

831 2569 932 2611 poeta
962 2566 1078 2607 dedit,
1108 2568 1278 2610 Dejecerat
1306 2580 1412 2602 amem·
1432 2569 1496 2604 Oc-

831 2614 930 2646 cultos
949 2613 1014 2645 odii
1035 2621 1146 2646 terror.
1192 2614 1343 2647 Occultus
1355 2616 1420 2647 odii
1437 2612 1495 2654 est,

832 2657 893 2701 qui
913 2657 1000 2701 tegit
1021 2658 1143 2692 odium
1159 2657 1278 2701 suum,
1301 2667 1339 2693 ut
1359 2661 1498 2702 manife-

827 2703 896 2745 stus
912 2704 1070 2737 mendacii
1083 2703 1148 2738 Sec.

954 2765 987 2807 C
