1612 2948
318 121 403 163 DE
433 118 705 163 NUPTllS
733 121 881 164 iiON.
924 132 985 161 ΕΤ
1013 120 1153 162 MAR

1306 137 1384 175 -143

199 220 291 269 Qua
322 217 455 274 pristis
480 217 688 260 commifl'a
718 220 821 259 viro.
860 226 925 261 ter
953 217 1120 273 pettora
1151 219 1295 262 movit.

198 295 286 343 Jam
305 302 448 349 quarto
469 293 642 348 Paphias
664 293 795 335 trastu
825 293 1000 335 sulcabat
1029 307 1186 344 arenas,

198 369 444 413 Vmbratura
473 368 603 410 Deam
628 376 739 410 retro
772 368 950 411 sinuatur
979 370 1021 409 in
1051 382 1190 411 arcum

84 454 148 491 130
193 443 347 484 Bellua.
386 449 474 484 tum
498 445 593 486 vivo
615 444 836 500 squalentia
860 445 1014 485 murice
1044 451 1163 501 terga

194 516 415 571 Purpureis
447 517 605 559 mollita
641 519 755 559 toris.

815 518 894 558 hoc
926 519 1091 573 navigat
1122 518 1230 559 ostro

194 588 316 630 Fulta
345 589 502 633 Venus,
543 591 677 630 niveae
707 589 887 630 delibant
915 602 1081 644 aequora
1121 593 1284 645 plantae.
1333 584 1336 588 ’

180 660 452 718 'Prosequitur
473 663 686 705 voluerum
718 663 797 703 late
819 663 1038 703 comitatus
1072 664 1289 714 Amorum,

193 734 560 794 Tranquillumque
581 739 718 780 choris
747 739 926 794 quatitur
946 752 1067 778 mare.
1090 739 1193 780 serta
1212 754 1286 795 per
1298 746 1464 784 omnem

85 818 149 858 153
195 808 379 864 Neptuni
399 810 570 865 dispersa
599 812 777 852 domum.
807 810 998 852 Cadmeia
1028 812 1135 852 ludit

194 880 458 930 Leucotho'e‘,
484 883 700 939 frenatque
734 881 831 924 rosis
860 873 1054 938 delphina
1078 883 1298 929 Palaernon,
1327 910 1330 914 ·

190 957 384 998 Alternas
414 957 536 999 violis
560 958 721 1001 Nereus
741 957 947 999 interserit
974 958 1101 1013 algas.

80 1134 138 1169 147
164 1125 281 1171 pistrix
315 1130 357 1162 al.
396 1130 500 1162 eadem
526 1141 600 1180 'quei
626 1128 710 1173 apud
743 1128 919 1171 Virgilium
950 1130 1117 1165 varietate.

1346 1037 1469 1080 Cani-

1196 1141 1247 1172 151
1281 1133 1359 1168 rosis
1391 1138 1466 1171 MS.

78 1173 188 1207 comis
223 1175 316 1207 Vien.
345 1186 445 1218 marg.
468 1176 643 1217 t01·15,jam
667 1175 789 1219 primae
818 1174 909 1207 editt.
934 1176 996 1208 Pro
1015 1174 1106 1209 ostro
1126 1179 1207 1220 quod
1236 1179 1324 1212 dedit
1351 1182 1468 1225 Heius.

213 1231 250 1253 ex
268 1220 368 1254 MSS.
402 1229 501 1253 antro
539 1222 628 1264 vnlg.

382 1274 439 1308 154
462 1276 582 1299 omnes
602 1264 724 1298 domos
740 1267 783 1300 cil.

78 1350 211 1385 concha
229 1348 412 1385 sedentem.
472 1350 564 1385 Add.
596 1350 645 1384 id.
669 1352 749 1384 Car.

82 1407 126 1439 9,
159 1405 207 1438 34.
260 1397 410 1430 Nonnus
428 1396 532 1430 Dion.
555 1407 580 1438 1,
606 1402 648 1437 58
688 1400 748 1429 λυ-

78 1443 138 1484 <psa
158 1442 320 1484 Τρίτωνος
341 1442 538 1486 ἐφεζομένην
561 1442 749 1486 Αφςυδίτην

82 1496 261 1520 memorat.

126 1541 183 1574 147
208 1532 323 1573 Przstis
358 1534 513 1575 commiffa
547 1534 618 1567 viro
656 1530 688 1566 h.
721 1543 749 1566 e.

79 1588 149 1622 qua
168 1577 298 1611 coaluit
330 1577 475 1612 inferior
503 1589 582 1623 pars
611 1575 749 1611 duobus

81 1620 247 1667 piscibuS,
279 1623 486 1657 nominatim
506 1620 671 1669 pristibus
696 1623 751 1656 vel

82 1666 282 1713 pistricibus
320 1667 498 1710 constans,
544 1679 624 1702 cuin
652 1668 752 1713 supe-

81 1713 166 1747 riori
188 1723 285 1758 parte
313 1712 473 1747 humana.
542 1716 604 1747 Ter
629 1715 753 1758 pelium

81 1760 197 1800 movit,
227 1768 279 1792 ter
311 1758 479 1803 impetum
508 1755 588 1793 fecit
616 1758 752 1803 peeore

81 1803 242 1849 protruso
268 1803 305 1837 in
334 1803 479 1838 fluistus:
523 1813 653 1849 quarto
686 1804 750 1837 im-

67 1848 183 1894 ‘pulsu
205 1851 273 1892 jam
296 1859 404 1895 prope
425 1851 586 1896 Cyprum
616 1849 652 1884 δε
691 1851 753 1885 Pa-

82 1895 179 1941 phon
199 1904 282 1928 erat.

129 1951 189 1985 149
213 1938 329 1974 Pristis
351 1939 455 1985 longa
476 1938 666 1975 admodum
694 1938 752 1974 be-

82 1985 163 2037 lua,
194 1986 312 2037 itaque
333 1985 392 2019 illa
403 1984 570 2038 posterior
587 1997 664 2031 pars
675 1986 754 2020 Tri-

81 2041 175 2065 tonis
197 2041 234 2064 in
256 2039 390 2064 tantum
411 2041 528 2075 potuit
548 2041 637 2066 retro
658 2041 754 2066 extra

85 2087 212 2121 aquam
232 2074 363 2110 sublata
393 2076 519 2111 infleffl
540 2105 550 2118 ‚
589 2085 629 2110 ut
656 2076 752 2110 velut

84 2121 331 2156 umbraculum
377 2120 543 2168 praeberet
591 2121 751 2157 insidenti

83 2168 223 2204 Veneri.

131 2223 193 2254 150
222 2213 344 2248 Vivum
398 2214 550 2247 muricem
595 2211 752 2259 intelligo

84 2258 242 2304 squamas
261 2258 392 2305 asperas
414 2260 449 2293 &
464 2258 663 2293 insidentem
674 2259 752 2293 vul·-

86 2314 284 2338 neraturas:
316 2304 475 2339 adversus
513 2316 617 2349 quain
647 2306 752 2340 mole-

86 2348 185 2384 stiam
203 2349 260 2384 hic
279 2350 404 2385 Veneri
426 2350 594 2396 pulvinus
625 2363 642 2384 e
670 2350 748 2386 rosis

87 2403 240 2440 paratur.
304 2397 469 2432 Ceterum
509 2395 569 2430 alii
609 2406 749 2441 quoque

85 2439 292 2475 Tritonibus
329 2441 395 2475 tale
432 2452 559 2487 corpus
599 2441 748 2487 squamis

86 2485 244 2530 asperum
274 2484 445 2522 tribuunt.
498 2487 679 2522 Pausanias
708 2487 750 2522 de

85 2531 230 2565 Tritone
249 2542 329 2566 vero
359 2533 395 2567 &
424 2533 527 2576 vivo,
565 2545 668 2578 quem
698 2533 751 2567 vi-

85 2575 171 2611 disse
192 2576 267 2610 vult
280 2578 386 2612 Boeot.
407 2577 428 2613 s.
447 2589 480 2624 9,
498 2589 532 2616 21
557 2579 610 2613 Td
623 2580 657 2613 δὲ
675 2584 752 2614 λοι-

85 2624 147 2657 πόν
182 2625 276 2666 σῶμα
311 2624 424 2664 φολίδι
457 2627 572 2670 λεπτῷ
612 2626 749 2669 πέφρικέ

88 2673 180 2710 σφισι
194 2669 280 2701 και-αἰ
295 2669 394 2710 ἰσχύν
413 2670 510 2714 ῥίνης,
532 2671 628 2705 tenui
649 2671 748 2716 squa-

86 2725 141 2750 ma
160 2713 216 2749 sed
236 2711 338 2749 instat
364 2713 454 2749 lima
482 2715 596 2761 aspera
623 2728 751 2763 corpus

677 1230 757 1253 arcu
776 1221 818 1254 al.
850 1219 916 1252 alte
945 1222 986 1254 al.

1056 1230 1107 1262 153
1132 1224 1272 1257 volucer
1288 1227 1330 1259 al.

865 1274 920 1308 ¹57
952 1265 1093 1300 alternis
1112 1270 1155 1302 al.
1309 1271 1311 1275 ⁴

795 1348 945 1383 horrere.
990 1349 1205 1386 Claudianus
1226 1356 1378 1390 muricem
1406 1369 1466 1392 vo-

796 1405 849 1429 cat
871 1395 1059 1429 eminentes
1089 1396 1284 1442 asperitates
1299 1429 1306 1442 ,
1343 1414 1380 1435 ea
1396 1401 1468 1437 fere

795 1439 945 1481 tatione,
973 1451 1041 1485 quai
1064 1443 1156 1487 apud
1177 1444 1263 1479 Plin.
1287 1456 1343 1490 19,
1364 1458 1375 1481 1
1400 1447 1419 1481 s.
1442 1448 1464 1483 6

795 1489 871 1521 Cato
916 1489 1082 1530 Cevsbrz'us
1115 1489 1229 1531 forum
1258 1492 1466 1532 sternendum

795 1533 912 1566 murice
932 1533 1105 1576 sensnm-at,
1126 1534 1147 1567 i.
1169 1535 1199 1568 la
1228 1536 1298 1571 illis
1319 1538 1371 1571 vel
1385 1540 1461 1583 quir-

796 1577 1002 1622 bue-,cunque
1032 1577 1133 1612 rebus
1171 1592 1188 1614 a
1206 1583 1295 1626 peris
1336 1586 1465 1619 acutis-

797 1634 882 1667 que,
902 1632 941 1655 ut
960 1622 1115 1658 homines
1138 1636 1207 1660 non
1236 1626 1302 1661 sine
1333 1630 1463 1664 incom-

796 1667 901 1701 modo
921 1667 1136 1703 inambulare
1172 1670 1220 1705 ibi
1250 1673 1284 1706 ἃ
1310 1675 1464 1709 consiste-

797 1724 833 1746 re
853 1711 1006 1758 possent,
1028 1714 1312 1761 minuereturque
1330 1720 1377 1753 ita
1398 1733 1463 1755 nu-

798 1768 911 1792 merus
929 1757 1235 1803 subrostranoruin,
1259 1765 1464 1800 canalicola-

798 1814 888 1844 rum,
910 1805 1053 1848 ejusque
1067 1832 1075 1845 ,
1106 1817 1180 1849 quae
1201 1808 1302 1842 turba
1323 1809 1463 1846 forensis

798 1849 1003 1894 appellatur.
1062 1852 1182 1886 Vivum
1214 1864 1327 1889 autem
1356 1859 1465 1891 muri-

797 1906 870 1929 cem
890 1894 995 1936 dicit‚
1029 1904 1067 1928 ut
1090 1896 1324 1943 intelligamus
1346 1912 1462 1937 acutas

796 1939 909 1985 spinas
927 1949 959 1973 et
978 1939 1134 1984 squamas
1152 1943 1282 1989 asperas
1302 1948 1375 1982 vivi
1385 1959 1460 1984 cor-

797 1985 893 2030 poris
912 1984 1078 2020 Tritonis.

843 2040 894 2070 151
918 2032 989 2083 Hqc
1009 2032 1105 2074 ostro,
1138 2030 1202 2068 hoc
1223 2036 1317 2070 velut
1329 2049 1464 2085 purpu-

796 2087 855 2110 reo
874 2075 1022 2121 pulvino
1029 2078 1121 2120 fulta
1136 2083 1244 2115 Venus
1264 2082 1404 2126 dicitur,
1422 2095 1462 2120 ut

795 2122 851 2154 ille
878 2131 998 2155 taurus
1030 2122 1204 2169 Pasiphaes
1235 2128 1328 2173 apud
1362 2130 1464 2176 Virg.

795 2167 857 2202 ecl.
877 2166 920 2208 6,
941 2177 977 2209 53
1007 2170 1091 2202 latus
1118 2171 1248 2208 niveum
1276 2176 1367 2208 molli
1388 2177 1463 2218 ful-

794 2221 846 2246 tus
883 2213 1071 2255 hyacintho,
1119 2214 1181 2250 ubi
1210 2218 1281 2253 vid.
1310 2220 1461 2256 Servius.

794 2260 971 2301 Delibant,
1000 2257 1056 2293 vix
1076 2261 1265 2307 attingunt.

840 2313 896 2345 155
919 2304 1032 2339 Cadmi
1066 2303 1140 2341 filia
1179 2310 1242 2344 Ino
1278 2309 1462 2355 postquam

793 2348 995 2384 Athmantis
1015 2349 1167 2388 furorem
1178 2353 1317 2399 fugiens
1341 2356 1375 2389 in
1389 2361 1464 2390 mass'

793 2405 828 2428 re
840 2395 963 2429 desiliit
974 2395 1065 2430 ditia
1076 2399 1263 2441 Leucothoe,
1284 2411 1388 2444 quam
1399 2405 1462 2435 La-

792 2440 857 2476 tini
877 2440 1049 2476 Matutam
1068 2443 1208 2486 colunt,
1246 2455 1286 2479 ut
1306 2445 1398 2479 filius
1419 2448 1463 2480 il-

789 2486 858 2520 lius
886 2486 1066 2522 Melicerta
1104 2492 1297 2524 Palaemouis
1333 2501 1460 2526 nomen

790 2531 905 2577 postea
932 2531 1065 2567 habuit.
1124 2536 1223 2569 Tales
1265 2535 1458 2580 phantasias

789 2577 826 2612 ἆ
846 2577 938 2612 lusus
960 2579 1077 2630 pallini
1097 2591 1262 2625 gemmae,
1286 2582 1322 2615 ἃ.
1343 2582 1457 2626 pistu-

791 2634 834 2657 rae
862 2634 931 2658 non
962 2635 1067 2660 unius
1096 2626 1233 2671 generis
1254 2624 1455 2672 spectandos

789 2667 962 2704 exhibent.
