1612 2948
376 140 452 183 DE
480 138 667 183 CONS.
705 137 993 184 STILICH.
1035 142 1136 185 LIB.
1167 144 1232 187 III

1346 158 1428 205 387,Δ

101 251 169 292 ¹70
208 237 457 287 Transtulit,
484 237 528 280 &
550 238 759 295 Phrygios
779 241 964 295 genitrix
998 243 1146 283 turrita
1174 242 1330 287 leones.

213 314 304 354 Huc
333 312 572 355 defensurus
600 315 766 355 morbos
794 315 1040 370 Epidaurius
1071 317 1218 373 hospes

208 387 402 442 Reptavit
432 387 593 443 placido
624 387 756 431 trastu
768 417 779 436 ,

798 388 1056 445 ,vectumque
1094 405 1169 447 per
1198 395 1326 436 undas

208 464 343 506 Insula
367 464 581 506 Paeonium
609 466 718 506 texit
741 464 939 515 Tiberina
971 468 1204 510 draconem.

261 537 376 580 Hanc
406 546 452 580 tu
484 553 579 580 cum
610 537 800 594 Superis,
841 537 1016 582 Stilicho
1048 543 1260 596 praeclare,
1289 545 1434 586 tueris.

95 622 157 664 ¹73
206 610 394 667 Protegis
425 612 530 654 hanc
570 612 706 668 clipeo
746 619 921 654 matrem
950 627 1176 670 regumque
1195 617 1440 675 ducumque,

204 687 499 743 Praecipueque
534 694 658 730 tuam.
717 687 842 729 Dedit
871 687 961 730 haec
982 690 1152 731 exordia
1179 691 1292 733 lucis

201 754 434 809 Eucherio,
462 774 720 816 puerumque
750 759 890 802 ferens
911 761 981 803 hic
1013 763 1129 817 regia
1161 772 1293 806 mater

202 833 389 888 Augusto
426 833 668 874 monstravit
698 847 806 875 avo:
850 833 1015 876 laetatus
1046 835 1180 877 atille

206 904 376 948 Sustulit
407 907 452 948 in
479 906 612 962 Tyria
638 913 870 961 reptantem
900 906 1010 948 veste
1042 917 1252 964 nepotem.

91 988 156 1026 180
196 978 406 1035 Romaque
428 981 595 1023 venturi
613 980 816 1035 gaudebat
845 981 1012 1035 praescia
1038 981 1126 1031 fati,

198 1052 320 1103 Quod
353 1061 395 1094 te
421 1053 507 1107 jam
535 1060 650 1094 tanto
692 1052 899 1102 meruifl'et
929 1055 1105 1109 pignore
1134 1056 1284 1096 civem.

259 1127 348 1169 Nee
371 1134 507 1169 tamen
527 1129 757 1183 ingratum,
785 1141 862 1169 nec
896 1129 967 1184 qui
1000 1128 1215 1171 benef-afta
1242 1130 1399 1172 referre

206 1203 390 1253 Nesciat,
418 1205 528 1248 hunc
561 1205 703 1247 credas
738 1205 964 1261 populum,
994 1205 1023 1247 fi
1048 1207 1216 1249 volvere
1239 1208 1395 1263 prii'cos

88 1384 138 1417 171
166 1375 473 1421 depulsurus-vulg.
498 1374 623 1410 defens.
643 1377 744 1410 MSS.
768 1373 988 1421 depress'urus
1007 1377 1102 1415 Vien.

89 1421 237 1467 patriam
259 1424 358 1456 MSS.
451 1431 503 1464 177
528 1421 607 1455 hinc
628 1423 728 1455 MSS.

258 1511 268 1514 „
301 1478 335 1501 te
373 1469 444 1501 Vic.
473 1469 566 1501 Vim.
593 1469 663 1511 Bas:
693 1478 797 1511 marg.

93 1550 195 1593 dem,
237 1552 411 1586 Leonibus
442 1551 558 1585 invehi
595 1551 693 1586 solita
722 1552 760 1585 in

94 1598 264 1638 nummis,
306 1597 501 1631 solemniter
528 1597 588 1631 illa
620 1597 762 1640 quidem

90 1651 227 1688 recepta
255 1643 291 1676 8<
310 1642 500 1677 Peffinunte
527 1642 668 1676 advecta
693 1644 760 1676 Ro-

93 1699 204 1729 mam,
229 1687 271 1721 de
290 1700 359 1732 qua
380 1699 414 1721 re
443 1688 517 1721 Liv.
531 1697 585 1733 29,
607 1697 646 1722 10
666 1686 701 1721 &
722 1698 761 1721 11.

138 1743 185 1776 171
211 1734 284 1767 Liv.
304 1734 386 1778 epit.
399 1744 425 1768 11
449 1736 555 1781 ,Qum
575 1734 691 1768 civitas
707 1743 763 1778 pe-

81 1779 233 1822 stilentia.
263 1781 436 1818 laboraret,
468 1780 545 1820 miffi
573 1780 693 1822 legati,
725 1787 762 1813 ut

89 1826 268 1870 Aesculapii
297 1828 425 1869 figuum
461 1827 595 1858 Romam
623 1825 661 1857 ab
683 1825 761 1868 Epi-

91 1872 189 1904 dauro
210 1873 445 1914 transferrent,
469 1881 625 1912 anguem,
655 1871 758 1913 quise

91 1917 127 1949 in
148 1928 261 1950 navem
283 1928 386 1949 eornm
409 1917 587 1949 contulerat
600 1941 609 1956 ,
641 1917 678 1949 in
697 1927 758 1958 quo

90 1962 194 2006 ipficm
228 1974 345 1995 numen
370 1963 424 2004 effi?
453 1962 624 2003 constabat,
648 1962 760 2004 depor-

92 2016 220 2041 tavere:
264 2019 355 2050 eoque
395 2009 431 2040 in
455 2008 593 2050 infidam
635 2007 759 2040 Tiberis

90 2054 226 2097 egre-ffb,
248 2054 352 2086 eodem
380 2054 444 2086 loco
477 2053 555 2085 aedes
576 2053 760 2096 Aesculapio

88 2100 267 2141 conftcrata
305 2098 355 2139 est.
438 2099 584 2131 Enarrat
628 2095 762 2142 copiose

93 2144 213 2177 onmia
233 2153 272 2177 ex
282 2143 359 2177 aliis
371 2141 525 2179 Freinsh.
538 2142 572 2177 in
584 2141 762 2187 Supplem.

92 2199 184 2229 11‚12
202 2188 247 2234 sq.
296 2189 500 2232 Defensurus
534 2186 590 2221 hic
618 2188 763 2232 ponitur

91 2234 236 2278 antiqua
274 2235 425 2274 ratione,
474 2244 576 2277 quam
615 2232 761 2266 illustrat

91 2280 274 2321 Heinsius,
307 2279 342 2313 δι
362 2291 426 2324 ego
442 2279 478 2313 iu
498 2272 699 2321 Thesauris,
722 2287 763 2313 ut

89 2324 295 2370 depulsurus
312 2333 362 2367 22,
374 2331 444 2366 389.

144 2381 198 2413 ¹73
225 2373 369 2405 Paeonius
389 2373 516 2410 Draco,
548 2379 651 2413 quem
670 2367 761 2402 inse-

90 2416 144 2450 dit
169 2416 393 2462 Aesculapius
420 2416 480 2461 qui
507 2417 625 2456 Paeon‚
649 2415 761 2453 παιών,

92 2462 213 2503 valdai,
240 2467 359 2502 πααὴων
387 2473 457 2495 non
486 2461 620 2501 minus,
653 2471 757 2504 quam

89 2518 188 2553 patei·
207 2508 307 2551 ipsius
320 2507 461 2551 Apollo,
479 2516 623 2541 vocatur·
640 2505 757 2550 passim

91 2555 127 2588 in
146 2553 297 2598 Hymnis
323 2553 495 2596 antiquis,
531 2550 624 2596 quod
649 2550 759 2585 osten-

90 2599 128 2632 di
151 2600 191 2632 ad
203 2600 356 2633 Marmor
373 2596 604 2631 Cass’enanum
622 2597 759 2630 Comm.

89 2644 442 2688 Soc.Gotting.To.2
468 2654 499 2687 p.
513 2648 574 2685 287
585 2641 632 2687 sq.
653 2640 757 2688 Qod

89 2690 178 2724 dicit
199 2692 301 2734 poeta
327 2690 426 2727 texit,
452 2687 602 2732 intelligi
624 2689 700 2721 vult
719 2696 760 2719 ex

91 2734 252 2777 historia,
294 2731 467 2768 evanuisse
494 2733 688 2768 Draconem
721 2732 760 2767 in

813 1279 846 1321 B
863 1279 888 1320 b
918 1291 941 1319 2
1300 1282 1483 1324 Annales

1171 1386 1227 1418 ¹75
1247 1388 1305 1422 pro
1325 1388 1470 1414 matrem

823 1427 877 1461 181
901 1431 974 1455 toto
994 1424 1085 1466 vulg.
1115 1430 1211 1456 tanto
1236 1425 1336 1458 MSS.
1367 1424 1464 1468 persto

914 1473 971 1507 182
1006 1477 1065 1501 tua
1093 1466 1182 1502 faeta
1209 1469 1280 1513 Bas:

805 1550 936 1592 Insula,
959 1563 1035 1597 quae
1061 1552 1142 1587 inde
1164 1552 1360 1600 Aesculapii
1390 1555 1484 1591 digia

806 1596 864 1629 est.
934 1599 1099 1631 Ceterum
1137 1601 1263 1633 Paeonii
1299 1600 1480 1644 epitheton

805 1641 873 1675 late
912 1643 1094 1676 extendere
1139 1643 1181 1677 ad
1225 1646 1362 1686 omnia,
1404 1658 1480 1691 qua:

807 1697 887 1720 cum
922 1697 993 1720 arte
1037 1688 1255 1722 Medicorum
1295 1692 1480 1734 conjuncta

805 1731 903 1772 sunt,
933 1733 1037 1766 etiam
1064 1733 1216 1768 nostrum
1235 1738 1373 1781 poetam
1388 1764 1397 1778 ‚
1421 1749 1482 1783 ap-

807 1787 903 1822 paret
922 1789 953 1811 v.
973 1789 1004 1823 g.
1026 1778 1080 1819 26,
1097 1788 1155 1814 121.

852 1833 905 1865 174
928 1825 1027 1857 Hanc
1045 1826 1211 1866 Romam,
1244 1826 1343 1869 cujus
1364 1827 1476 1864 adhuc

805 1867 928 1902 decora
949 1869 984 1903 &
1005 1869 1123 1903 laudes
1144 1880 1307 1904 enarratae
1323 1871 1410 1908 sunt.

850 1919 905 1956 ¹78
928 1917 1019 1948 Avus
1039 1915 1178 1960 &nepos
1190 1916 1230 1949 ad
1250 1916 1475 1962 adoptionem

803 1957 1010 1994 referuntur.
1057 1961 1294 2005 Adoptaverat
1317 1963 1407 1997 enim
1421 1966 1479 1999 Se-

804 2014 921 2038 renam
941 2004 1144 2040 Stilichonis
1166 2017 1324 2048 uxorem,
1358 2007 1476 2045 fratris

803 2045 854 2083 sui
865 2050 1013 2085 Honorii
1026 2049 1148 2093 filiam,
1159 2052 1381 2089 Theodosius.
1396 2056 1476 2092 Vid.

805 2106 947 2142 ²92¹04·

851 2151 909 2191 179
950 2140 1159 2176 Eucherium
1189 2140 1273 2177 facit
1309 2150 1474 2190 πορφυρο-

803 2187 974 2228 tygrin-ron,
999 2196 1038 2221 ut
1060 2187 1203 2231 prodere
1219 2189 1288 2231 jam
1315 2191 1477 2226 videatur

801 2231 875 2276 spes
900 2230 1075 2276 improbas
1093 2232 1293 2269 Stilichonis
1306 2262 1314 2276 ‚
1338 2237 1374 2270 ἅ
1392 2249 1475 2271 con-

804 2277 877 2310 silia
909 2277 1014 2319 adeo,
1050 2289 1199 2323 quorum
1229 2291 1366 2324 poenam
1403 2293 1474 2316 non

800 2321 848 2356 ita
876 2322 986 2358 multo
1013 2323 1088 2369 post
1113 2323 1180 2359 luit
1207 2326 1302 2369 jure,
1335 2326 1474 2371 injuria,

803 2376 876 2402 tot-a
901 2367 1046 2402 familia.

851 2419 900 2453 181
922 2415 1031 2448 Roma
1053 2413 1174 2459 sperat,
1198 2423 1230 2448 te
1243 2414 1278 2448 in
1299 2415 1473 2461 posterum

803 2458 986 2504 proprium
1005 2458 1114 2494 fibi&
1133 2471 1340 2505 perpetuum
1361 2463 1474 2498 civem

802 2503 983 2546 futurum,
1015 2514 1210 2538 amaturum
1229 2507 1346 2540 Romae
1376 2508 1475 2543 habi-

801 2559 873 2584 tare
887 2577 896 2591 ,
919 2549 1015 2595 quod
1035 2561 1073 2583 ea
1091 2550 1219 2596 pignus
1237 2550 1320 2593 fibi,
1343 2553 1475 2588 Euche-

800 2595 892 2629 rium
904 2605 1016 2637 tuum,
1036 2595 1182 2629 dederit.
1227 2593 1371 2631 Romam
1386 2610 1477 2633 amn-

802 2638 878 2681 bis,
903 2640 939 2674 &c
964 2650 1134 2685 quantum
1151 2639 1269 2674 licebit
1292 2641 1478 2687 habitabis,

804 2686 888 2732 quia
909 2686 1023 2731 patria
1043 2684 1089 2719 est
1111 2685 1274 2721 Eucherii
1295 2687 1359 2724 tui.
