1612 2948
162 166 245 213 XX
357 167 392 211 Ι.
416 167 471 210 Μ.
501 165 795 232 GESNERI
849 167 1362 232 PROLEGOMENA

278 266 485 314 cinnavit:
512 265 615 307 Dux
643 264 770 306 Erebi
797 263 920 306 Pluto
947 266 1112 308 molitur
1141 266 1241 309 bella
1277 269 1452 310 Tonanti
1465 268 1546 313 &e.
1607 290 1612 294 -

284 323 352 366 Ad
379 336 542 364 carmen
578 322 724 362 Omnia
755 334 842 376 quoe
868 321 986 378 sensu
1016 323 1158 377 (nobis
1182 324 1265 380 27)
1309 327 1346 366 T
1341 324 1550 379 lieophilus,

283 378 564 432 Chalcondyles
601 378 750 420 Athen.
781 378 981 420 Demetrii
1016 382 1060 422 F.
1100 382 1284 437 apposuit
1321 382 1416 422 ista:
1457 382 1550 423 Hos

288 436 439 491 Elegos
467 434 691 491 alieniffimo
729 434 811 476 loco
839 434 1006 490 inseruit
1034 438 1242 492 imperitia
1269 438 1550 487 librariorum,

283 494 378 549 qui,
415 492 507 533 dum
531 498 703 546 putant,
732 490 990 548 superiorum
1019 495 1217 550 exemplo,
1255 497 1420 536 tertium
1449 509 1549 549 quo-

283 563 358 605 que
387 549 534 590 librum
570 562 706 590 carere
735 547 983 603 praefatione
1021 563 1100 592 non
1131 557 1336 605 oportere,
1375 555 1553 608 qualem-

282 619 438 661 cunque
465 605 708 660 aajecerunt.
766 606 799 647 I.
828 606 883 648 M.
915 606 1163 661 Gesnerus.)

172 676 268 718 13¹7·
298 676 337 712 4.
367 663 418 704 de
441 672 558 718 raptu
569 663 675 704 Pros.
689 676 781 704 cum
793 662 1023 705 Comment.
1037 663 1229 706 Parrhasii
1249 665 1323 721 per
1335 665 1549 716 J0.Gour-

282 719 499 762 montium.
531 720 649 761 Paris.
681 721 785 761 Bun.
815 735 850 760 a.
1565 731 1567 733 ·

171 790 272 829 1520.
301 791 340 827 4.
399 777 450 817 de
471 784 590 832 raptu
618 777 880 832 Proserpinae.
910 777 1054 820 Colon.
1078 776 1190 820 Huls.
1285 818 1288 820 .

172 839 268 883 1536.
296 849 335 884 4.
394 836 444 876 de
464 841 583 889 raptu
604 834 868 888 Proserpinae.
899 835 1149 877 Buseiducis.
1165 834 1276 876 Huls.
1592 884 1593 887 Ἴ

170 903 268 943 1539.
295 904 334 940 4.
387 891 422 941 J.
445 890 642 932 Parrhasii
662 893 704 932 in
715 891 926 934 Claudiani
947 893 998 934 de
1017 899 1135 947 raptu
1153 892 1405 947 Proserpinae
1423 892 1551 935 libros
1588 885 1590 889 ’

280 947 609 990 Commentarius
640 963 737 990 cum
767 956 912 990 textu:
954 948 1114 991 accessit
1144 949 1356 991 Claudiani
1389 951 1475 990 vita
1502 950 1551 991 ab

280 1006 429 1047 eodem
440 1006 597 1060 scripta,
618 1008 661 1047 in
672 1005 1138 1052 officinaRob.Winter.
1169 1005 1282 1050 Bafil.
1314 1006 1358 1048 C.
1371 1007 1416 1048 B.
1430 1007 1477 1049 R.
1491 1021 1556 1049 aac

172 1067 347 1111 ὦκα-4.
404 1065 456 1104 de
488 1070 606 1117 raptu
643 1062 907 1118 Proserpinae.
941 1062 1084 1104 Colon.
1116 1062 1262 1118 Carpz.

170 1125 278 1170 1684.
306 1119 336 1160 f.
393 1120 437 1161 in
458 1119 518 1160 Cl.
545 1118 756 1161 Claudiani
783 1121 912 1161 libros
943 1120 995 1160 de
1023 1127 1144 1174 raptu
1168 1119 1416 1174 Proserpinae
1438 1133 1552 1161 com·-

281 1176 481 1218 mentaria
512 1175 605 1217 Nic.
641 1175 750 1217 Biffii
783 1176 917 1217 addita
949 1182 1098 1217 textus
1131 1176 1175 1216 in
1207 1177 1375 1218 Italicos
1413 1177 1552 1218 versus

285 1233 576 1280 translatione,
623 1246 677 1273 ex
718 1240 886 1288 typogr.
924 1231 1027 1275 Lud.
1073 1231 1269 1282 Montiae,
1315 1232 1553 1275 Mediolani.

281 1289 386 1331 Bun.
417 1303 475 1330 aa.
508 1289 612 1330 Bibl.
643 1288 832 1345 Gotting.

171 1347 308 1400 '‘1675‘.
338 1355 370 1391 8.
422 1346 649 1402 Panegyris
679 1347 722 1387 in
742 1347 912 1388 tertium
933 1344 1194 1388 Consulatum
1213 1345 1388 1388 Honorii
1404 1346 1552 1402 Augu·-

282 1403 350 1452 sti,
380 1417 475 1444 cum
504 1404 615 1444 notis
644 1402 812 1447 Vorstii.
841 1401 997 1457 Lipfiae.
1022 1402 1140 1454 Bodl.

173 1464 282 1513 ¹70⁶·
311 1475 350 1511 4.
409 1460 688 1516 Panegyricus
709 1461 753 1501 in
775 1459 852 1504 IV.
880 1459 1055 1501 Honorii
1082 1457 1346 1501 Consulatum
1369 1457 1552 1500 disserta-

283 1519 398 1560 tione
427 1519 590 1572 publica
619 1516 842 1559 illustratus
870 1531 894 1558 a
921 1516 984 1566 Jo.
1016 1515 1128 1572 Casp.
1155 1515 1337 1559 Khunio.
1374 1515 1551 1572 Argent-

280 1575 385 1617 Bun.
415 1588 475 1614 aa.

169 1653 209 1685 ρ·-
263 1644 305 1667 ε-
358 1631 666 1687 Epigrammata
694 1627 843 1673 feletta
870 1642 966 1671 cum
993 1629 1103 1671 notis
1133 1627 1264 1683 ejusld.
1292 1627 1347 1670 ib.
1379 1628 1497 1671 Bodl.

705 1748 729 1773 ³²
843 1716 868 1742 *
980 1748 1003 1772 *

167 1812 231 1857 *12
244 1796 333 1855 adn
345 1823 383 1861 4.
442 1808 504 1853 Cl.
516 1808 755 1865 opusculum
774 1809 825 1850 de
846 1813 965 1864 raptu
974 1807 1225 1864 Proserpinae
1247 1807 1366 1863 quale
1385 1808 1549 1850 inveni-

277 1876 367 1917 tur,
395 1881 490 1909 nam
511 1869 700 1908 ultimum
726 1867 921 1908 volumen
957 1866 1063 1921 apud
1092 1879 1168 1906 nos
1201 1879 1286 1906 non
1307 1864 1448 1906 exstat.
1478 1865 1548 1907 Li-

278 1924 387 1981 pfiae.
444 1925 541 1969 Vid.
562 1924 624 1973 Jo.
642 1924 768 1965 Hem.
791 1923 986 1964 Leichius
1008 1923 1058 1964 de
1078 1923 1239 1977 origine
1257 1921 1301 1964 &
1316 1924 1548 1964 incremen-

281 1984 338 2023 tis
362 1982 652 2038 typographiae
680 1978 891 2035 Lipfienfis
920 1991 1052 2035 p.105.

170 2042 200 2085 1:
215 2056 249 2084 a.
262 2042 305 2083 in
318 2038 346 2079 f.
407 2036 755 2080 ClaudianiSiculi
771 2038 848 2079 viri
872 2038 916 2078 in
938 2038 1082 2092 primis
1102 2034 1328 2084 doffiffimi‚
1357 2037 1406 2077 de
1426 2042 1546 2090 raptu

279 2095 533 2150 Proserpinae
555 2095 772 2150 Tragediae
792 2095 884 2136 duae
905 2095 1097 2135 heroicae.
1126 2094 1188 2135 De
1205 2107 1285 2148 quo
1298 2093 1402 2134 libro
1414 2094 1544 2135 Maitt.

280 2153 390 2195 Ann.
411 2153 535 2208 typ.1
558 2166 596 2206 p.
612 2163 678 2201 753
707 2152 797 2192 haec
819 2152 945 2193 dicit:
975 2150 1107 2205 Hujus
1121 2151 1313 2191 editionis
1325 2149 1544 2192 Charaeta·

277 2209 447 2258 Joannis
469 2210 520 2249 de
531 2207 796 2263 Westphalen
809 2207 1093 2249 Charaeterem
1112 2207 1240 2248 ferme
1253 2207 1392 2248 refert.
1421 2207 1540 2249 Clau-

276 2267 387 2307 diani
416 2272 502 2306 tres
531 2266 582 2306 de
614 2272 733 2319 raptu
754 2265 1005 2320 Proserpinae
1020 2265 1151 2306 libros
1172 2265 1215 2304 in
1234 2265 1334 2305 duas
1353 2263 1541 2305 heroicas

273 2322 534 2377 Tragoedias,
555 2321 782 2363 constantes
805 2323 936 2363 tribus
957 2320 1128 2363 Affibus
1147 2318 1335 2375 fingulas,
1363 2321 1427 2361 vir
1451 2322 1541 2375 qui-

275 2381 369 2421 dam
380 2380 514 2420 nescio
535 2381 626 2434 quis
646 2377 858 2420 artificiose
868 2376 1080 2426 distribuit,
1105 2382 1321 2432 poetaeque
1343 2376 1426 2430 ipsa
1447 2391 1539 2418 ver-

274 2436 325 2478 ba
348 2438 509 2491 integra
534 2437 800 2491 ordinemque
831 2435 1079 2478 inviolatum
1105 2435 1290 2476 servavit.
1327 2432 1436 2475 conf.
1474 2434 1538 2488 Ej.

272 2493 383 2536 Ann.
422 2492 611 2549 Typogr.
642 2491 693 2534 T.
713 2494 734 2534 Ι
771 2507 811 2548 p.
835 2501 993 2540 383-385
1029 2504 1091 2547 pr.
1120 2491 1185 2532 ed.
1222 2489 1294 2532 ubi
1332 2491 1539 2545 specimen

273 2549 509 2606 Tragoediae
547 2551 778 2590 exhibetur.

159 2615 251 2655 1518.
280 2619 319 2654 4.
378 2609 420 2648 in
440 2606 636 2650 Rufinum
657 2607 753 2650 libri
764 2605 813 2650 11⁴
834 2605 1108 2651 vindobonae.
1169 2602 1241 2659 Est
1269 2602 1313 2645 in
1339 2601 1536 2646 Biblioth.

271 2664 461 2720 Gotting.

1293 2753 1345 2796 D.
1379 2750 1537 2796 CLAU
