1612 2948
375 118 449 161 IN
497 116 909 160 EUTROPIUM
963 116 1083 159 LIB.
1112 117 1154 160 11

1306 132 1374 170 301

185 216 233 259 In
258 216 444 265 Galatas,
472 218 593 256 modo
617 212 810 272 Bithynis
840 216 1076 257 incumbere
1096 216 1238 258 fertur.

178 291 283 334 Sunt
306 294 376 348 qui
405 306 478 348 per
500 293 649 334 Cilicas
671 301 792 347 rupto
821 292 1064 334 descendere
1085 292 1239 342 Tauro,

185 366 288 409 Sunt
311 370 378 422 qui
399 368 599 422 correptis
622 368 774 408 ratibus
788 396 798 415 ‚
819 374 1008 423 terraque
1028 369 1211 423 marique

68 452 147 494 470
183 444 420 484 Adventare
441 441 585 482 ferant.
619 443 880 495 geminantur
900 455 997 482 vera
1017 444 1184 497 pavoris

174 516 363 571 Ingenio.
395 516 518 571 longe
541 513 709 570 spectari
732 529 755 555 e
780 516 983 570 puppibus
1007 517 1127 556 urbes

178 589 403 637 Accensas,
434 590 572 630 lucere
601 588 753 629 fretum
770 616 782 636 ,
812 596 1018 643 ventoque
1037 590 1183 630 citatas

186 661 391 704 Omnibus
417 663 459 702 in
489 662 636 717 pelago
667 661 769 701 velis
793 660 952 701 haerere
977 660 1150 701 favillas.

236 735 324 776 Hos
344 737 452 777 inter
472 735 662 790 strepitus
679 733 877 775 funestior
898 735 1060 775 advolat
1078 735 1181 775 alter

67 819 140 861 475
185 807 392 856 Nuntius,
421 814 615 848 armatam
644 807 778 848 rursus
799 803 1011 863 Babylona
1031 807 1180 848 minari

177 884 292 939 Rege
321 895 456 924 novo:
485 882 633 924 resides
653 883 825 924 Parthos
847 885 994 939 ignava
1015 883 1182 938 perosos

180 959 277 1000 Otia
296 958 492 1000 Romanae
510 960 594 1013 jam
613 957 739 999 finem
759 973 944 1015 quaerere
965 961 1068 1015 paci.

180 1030 312 1072 Rarus
334 1034 438 1087 apud
457 1031 600 1073 Medos
622 1046 767 1087 regum
797 1046 941 1080 cruor,
969 1046 1130 1088 unaque
1153 1032 1303 1078 cunero

180 1103 305 1144 Poena
331 1114 466 1145 manet
484 1107 650 1159 generi,
671 1105 857 1160 quamvis
876 1105 1107 1146 crudelibus
1129 1119 1249 1161 aeque

66 1185 142 1227 480
181 1176 349 1219 Paretur
371 1179 560 1219 dominis.
588 1178 654 1219 sed
681 1179 778 1235 quid
809 1191 893 1220 non
914 1179 1058 1222 audeat
1079 1192 1210 1221 annus

58 1330 63 1336 l
91 1359 158 1393 ⁴70
183 1347 287 1384 verba
306 1349 374 1393 Bas
397 1348 507 1383 Planr.

597 1358 652 1392 47¹
677 1358 694 1382 e
713 1345 860 1391 rupibus
879 1348 959 1391 conj.
979 1348 1094 1394 Heius.

1303 1253 1456 1297 Eutro-

1186 1354 1249 1393 478
1273 1350 1432 1386 cunstos.

520 1396 657 1439 generis
685 1395 727 1427 al.
754 1394 829 1428 Vid.
850 1395 906 1435 26,
926 1404 1006 1440 499.

116 1499 182 1533 470
228 1490 446 1524 Geminantur
489 1501 587 1533 vera,
634 1489 741 1523 altero

70 1542 166 1569 tanto
199 1537 327 1578 majora
358 1546 376 1568 a
405 1546 553 1580 pavore,
594 1535 654 1580 qui
683 1534 740 1568 hic

71 1580 267 1624 ingeniosus
290 1579 356 1621 est,
386 1578 581 1625 finguntur.
626 1583 673 1613 Ut
705 1581 742 1613 in

70 1625 270 1658 universum
289 1636 370 1659 cura
390 1625 586 1660 Claudiano
609 1626 742 1669 impen-

75 1669 107 1704 sa
149 1669 329 1704 salubriter
384 1671 541 1704 avocavit
584 1671 740 1704 animum

71 1727 189 1750 meum
221 1727 239 1749 a
272 1715 468 1761 cogitandis
497 1715 608 1750 miseri
637 1715 740 1759 hujus

70 1759 177 1802 belli,
213 1771 282 1806 quo
318 1762 375 1794 sua
413 1761 449 1795 in
485 1761 609 1795 viscera
651 1761 740 1794 saevit

71 1808 279 1847 Germania,
306 1806 580 1840 calamitatibus:
613 1806 659 1840 ita
685 1806 741 1840 hic

72 1853 170 1886 locus
189 1852 308 1886 solatio
327 1851 373 1885 est
393 1851 551 1885 adversus
574 1851 742 1886 molestias

71 1908 90 1932 a
110 1896 301 1932 monstrosis
322 1897 498 1931 interdum
520 1899 556 1932 δι
577 1909 662 1942 pene
693 1896 741 1931 fa-

72 1944 216 1984 naticis,
253 1941 479 1977 mendacibus
503 1943 644 1988 quidem
672 1943 742 1976 fere

69 1987 200 2034 semper
213 2016 221 2029 ,
238 1986 438 2023 rumoribus
451 2016 459 2029 ,
480 1987 609 2033 quibus
621 2017 629 2030 ,
649 1988 742 2033 quasi

74 2045 146 2068 non
166 2033 243 2067 satis
268 2033 335 2068 iam
353 2032 464 2067 miseri
484 2032 610 2074 essent,
636 2033 743 2068 solent

69 2079 229 2114 homines
242 2079 337 2112 velut
356 2077 621 2124 perludibrium
641 2080 671 2113 se
691 2081 742 2113 in·

70 2125 184 2159 vicem
212 2125 352 2170 agitare.

117 2180 178 2213 475
202 2172 360 2213 Babylon,
380 2169 507 2211 Parthi,
528 2171 639 2212 Medi,
665 2172 742 2204 Per-

65 2217 113 2260 [ιτ
128 2215 222 2249 idem
248 2215 432 2260 imperium
454 2215 646 2260 significant
665 2219 744 2250 Per—

71 2260 174 2295 ficum
212 2260 254 2295 ab
274 2262 461 2295 Artaxerxe
489 2259 609 2295 saeculo
640 2262 743 2296 tertio

70 2307 207 2340 Parthis
238 2316 407 2351 ereptum.
474 2307 637 2340 Ceterum
666 2319 741 2351 quae

71 2350 128 2386 hic
147 2352 188 2386 de
211 2351 388 2386 interfecto
409 2362 425 2385 a
442 2351 510 2385 suis
527 2352 652 2396 Sapore
662 2353 741 2386 Pcr-

70 2395 182 2430 sarum
204 2408 283 2442 rege
301 2407 504 2438 narrantur,
532 2408 569 2430 ea
596 2409 660 2442 pro
688 2397 742 2431 hi-

71 2441 174 2476 storia
195 2442 270 2476 dari
294 2454 311 2476 a
327 2442 543 2483 Claudiano,
573 2454 640 2477 non
668 2443 742 2488 pos-

74 2485 149 2520 sum
169 2485 347 2522 dubitare:
371 2499 433 2522 nec
452 2499 566 2522 tamen
586 2489 668 2522 alias
687 2489 741 2522 in-

73 2533 177 2566 venio
208 2534 261 2566 vel
288 2544 412 2567 nomen
446 2533 549 2577 hujus
577 2535 740 2579 Saporis,

71 2578 149 2623 (qui
180 2589 324 2623 quartus
353 2577 417 2612 esse
437 2578 559 2622 debet,
590 2580 625 2614 ἃ
651 2578 740 2614 forre

70 2624 165 2658 idem
182 2623 227 2657 est
248 2624 307 2668 qui
327 2626 549 2667 Varraranes)
579 2625 634 2659 vel
654 2636 737 2667 rem,

73 2668 118 2702 de
145 2680 214 2714 qua
244 2668 300 2703 hic
327 2669 454 2714 agitur.
523 2671 576 2704 De
598 2671 737 2705 nomine

73 2724 144 2749 non
163 2713 329 2755 laborem,
349 2714 441 2760 quod
461 2726 644 2751 commune
656 2715 738 2750 fuis-

787 1486 838 1530 se,
876 1487 977 1522 facile
1004 1488 1222 1525 crediderim.
1289 1493 1344 1526 De
1371 1504 1459 1538 pace

788 1544 861 1568 tum
891 1536 1038 1568 Romani
1068 1536 1205 1581 imperii
1244 1548 1323 1572 cum
1350 1539 1455 1573 Persis

786 1579 925 1614 Orosius
947 1589 986 1622 7,
1007 1590 1045 1623 34
1079 1584 1238 1626 IHumque
1257 1593 1325 1617 tum
1347 1587 1455 1627 (cum

787 1624 976 1659 Theodosio
997 1627 1070 1668 M.)
1094 1629 1203 1670 foedus
1221 1630 1282 1670 est,
1302 1643 1360 1673 quo
1379 1633 1454 1664 uni-

787 1673 896 1712 versus
916 1671 1034 1704 Oriens
1059 1684 1154 1716 utque
1183 1675 1224 1706 ad
1248 1686 1333 1708 manc
1361 1685 1452 1709 tran-

785 1717 955 1758 quilliffime
968 1717 1107 1757 fruitur.
1131 1719 1300 1753 Produfi’ta
1312 1719 1358 1753 est
1367 1723 1457 1756 Oro-

786 1760 821 1811 sti
851 1761 1002 1812 narratio
1041 1762 1082 1796 ad
1111 1764 1312 1799 Stilichonis
1342 1777 1454 1811 usque

785 1816 976 1839 interitum.

831 1858 893 1894 478
916 1853 1005 1886 Raro
1029 1850 1068 1885 fit
1086 1863 1125 1886 ut
1144 1852 1234 1899 apud
1246 1854 1356 1889 Persas
1376 1867 1455 1903 par-

786 1896 950 1931 ricidium
964 1899 1098 1942 regium
1113 1901 1361 1942 committatur,
1374 1914 1455 1947 pro-

785 1952 862 1987 pter
879 1954 1016 1987 poenam
1045 1955 1115 1978 non
1137 1946 1316 1988 parricidae
1335 1947 1452 1990 modo,

785 1987 839 2021 sed
859 1989 922 2022 toti
944 1991 1057 2032 generi
1079 1990 1328 2026 imminentem.
1366 1995 1453 2026 Prae-

785 2042 836 2066 ter
856 2034 998 2078 antiqua
1019 2043 1173 2079 tempera
1192 2036 1342 2071 Ammia.
1362 2048 1409 2080 23,
1431 2040 1453 2073 6

786 2081 886 2123 Leges
902 2080 985 2123 apud
1009 2092 1058 2112 eos
1076 2083 1234 2125 impendio
1247 2082 1455 2125 formidate:

915 2126 1131 2160 abominandae
1143 2154 1151 2166 ,
1170 2137 1228 2171 per
1246 2141 1323 2172 quas
1342 2131 1378 2163 ob
1396 2142 1455 2163 no-

785 2182 856 2204 xam
876 2171 957 2203 illius
983 2173 1084 2204 onmis
1109 2174 1332 2217 propinquitas
1356 2179 1453 2220 perir.

786 2216 878 2250 Hinc
898 2217 1125 2260 quantumvis
1155 2221 1330 2253 crudelibus
1352 2223 1454 2255 domi-

785 2263 837 2295 πίε
849 2287 858 2302 ,
877 2259 1017 2306 regibus
1030 2289 1038 2304 ,
1068 2274 1153 2307 aeque
1170 2274 1303 2308 paretur
1333 2277 1371 2299 ac
1389 2267 1437 2301 mi

786 2306 892 2341 tibus.
961 2307 1068 2352 Qod
1090 2308 1125 2341 in
1151 2307 1205 2343 his
1225 2317 1320 2345 ambr
1338 2312 1454 2350 efficit..

783 2352 819 2386 in
840 2352 907 2386 illis
926 2354 1060 2398 praeliat
1080 2354 1197 2389 timor.

829 2403 898 2440 480
923 2399 985 2433 Sed
1011 2400 1088 2443 quid
1114 2411 1178 2433 non
1208 2401 1322 2434 audeat
1348 2413 1453 2435 annuc

785 2445 944 2488 Eutropii.
989 2444 1161 2478 Invidiam
1174 2443 1256 2479 facit
1267 2447 1375 2481 Eutro
1403 2449 1452 2488 io,

784 2488 877 2533 quasi
901 2488 990 2523 nihil
1010 2490 1057 2523 ita
1074 2500 1175 2535 turpe
1188 2518 1198 2532 ,
1216 2492 1265 2524 ita
1283 2459 1452 2526 monifro-

782 2534 813 2567 se
833 2533 962 2568 malum
982 2535 1039 2576 sit,
1066 2536 1160 2579 quod
1189 2547 1260 2570 non
1282 2548 1323 2571 ee
1346 2548 1450 2574 anno,

780 2590 884 2658 gueni
906 2579 966 2614 iste
985 2581 1122 2614 nomine
1142 2581 1177 2615 Sc
1193 2580 1371 2616 consulatu
1393 2582 1453 2618 suo

797 2625 913 2660 oedum
934 2626 969 2659 ὅτ
991 2626 1220 2660 inominatum
1241 2627 1453 2671 reddidisset,

782 2670 880 2715 poffit
904 2670 991 2705 fieri.

1063 2671 1232 2706 Occursus
1263 2672 1365 2707 fimiae
1394 2675 1449 2708 vel

773 2715 940 2750 Eunuchi
969 2716 1061 2751 diem
1096 2715 1178 2751 facit
1213 2717 1386 2753 infelicem
1412 2721 1447 2753 «St

1366 2765 1448 2797 dow-
