1612 2948
352 128 428 172 DE
455 127 721 170 LAUDIB.
756 124 1043 170 STILICH.
1080 124 1203 168 LIB.
1232 124 1276 167 II

1362 130 1428 176 363

244 226 474 270 Eucherius
503 226 664 281 trepido
692 225 777 280 jam
805 224 995 267 flammea
1026 223 1208 265 sublevat
1237 236 1311 264 ore
1348 265 1350 267 ,

245 300 458 355 Virginis:
501 299 653 351 arridet
682 299 781 340 laeto
805 299 1083 340 Thermantia
1110 297 1239 356 fratri.

129 377 203 423 360
252 375 360 417 Nam
390 374 535 414 domus
564 373 655 415 haec
679 380 856 428 utroque
877 374 984 429 petit
1012 372 1237 412 diademata
1255 369 1368 422 sexu,

244 447 500 503 Reginasque
521 449 650 502 parit,
680 447 1012 503 Reginarumque
1035 445 1217 486 maritos.

299 521 471 563 Talibus
502 521 652 562 invitat
687 521 831 568 donis,
857 520 1099 574 dextraeque
1128 518 1355 573 gerendum

243 594 350 638 Diva
380 593 498 634 simul
520 593 709 649 porrexit
739 593 852 634 ebur.

911 590 1171 633 Sollennibus
1205 604 1350 632 urnam

240 668 486 710 commovet
515 666 727 722 auspiciis,
754 665 975 721 avibusque
1012 666 1176 720 incepta
1204 664 1409 706 secundae.

129 745 196 793 365
245 742 367 785 Tunc
390 741 550 785 habiles
571 741 696 782 armis
727 739 922 782 humeros
942 740 1030 782 Dea
1050 739 1226 781 vestibus
1256 738 1384 780 ambil:

242 815 471 861 Romuleis.

528 814 636 857 Latii
667 814 858 864 sederunt
895 813 1064 869 pectore
1094 813 1245 862 cultus,

245 892 489 947 Loricaeque
519 891 659 932 locum
687 891 827 932 decuit
855 896 964 946 toga.
993 891 1088 932 talis
1119 889 1168 930 ab
1190 887 1309 937 Istro‚'

244 964 328 1010 Vel
347 964 548 1021 Scythico
583 963 718 1006 victor
752 965 916 1006 rediens
955 962 1158 1006 Gradivus
1187 963 1236 1004 ab
1266 960 1359 1010 axess

250 1039 448 1096 Deposito
490 1039 602 1080 mitis
633 1039 792 1094 clipeo,
834 1040 1100 1081 candentibus
1129 1038 1275 1080 urbem

131 1126 204 1168 37⁰
244 1115 480 1170 Ingreditur
506 1113 712 1156 trabeatus
747 1115 887 1169 equis:
927 1113 1096 1169 spatiosa
1117 1113 1316 1163 Quirinus

238 1189 375 1233 Frena
405 1189 538 1244 regit:
576 1200 823 1243 currumque
854 1188 982 1243 patris
1012 1187 1183 1228 Bellona
1215 1190 1435 1229 cruentum

241 1264 409 1308 Ditibus
439 1263 627 1313 exuviis,
655 1262 830 1305 tendens
862 1263 913 1304 ad
942 1260 1069 1304 sidera
1106 1274 1315 1318 quercum,

130 1464 189 1501 338
213 1456 457 1502 timido'vulg.
492 1457 612 1503 tepido
627 1457 674 1492 'ia
703 1457 839 1492 tumido
871 1459 945 1493 MS.

133 1504 197 1547 362
220 1502 425 1548 regendum,
449 1502 637 1537 tenendum
661 1505 702 1537 nl.
729 1503 919 1545 ‘gerendum
940 1503 1033 1536 etiam
1051 1505 1230 1546 Buflmnrg.

1347 1341 1521 1384 Praece4

1036 1464 1096 1501 359
1126 1465 1218 1491 retro
1244 1457 1283 1490 it.
1320 1463 1410 1489 tetro
1445 1457 1523 1490 MS.

1321 1511 1375 1544 371
1400 1511 1523 1534 cruen-

131 1559 184 1584 tat
202 1552 293 1594 vulg.
317 1557 499 1582 cruentum
522 1551 623 1583 MSS.
637 1550 675 1582 it.
689 1539 781 1582 ern.
806 1550 874 1593 Bas?
886 1560 988 1592 marg.
1013 1557 1189 1581 cruentam
1206 1547 1273 1592 post
1292 1547 1523 1590 Gron.Heins.'

285 1603 344 1637 372
366 1592 563 1627 tendentem
589 1595 682 1638 vulg.
714 1593 858 1628 tendens
873 1594 941 1637 jam
963 1595 1074 1627 Plant.
1102 1605 1205 1638 marg.
1228 1593 1339 1626 Barth.

180 1727 240 1764 358
270 1720 406 1764 Trepido
425 1732 476 1754 ore
494 1719 548 1754 vel
567 1719 730 1754 timidum
745 1731 810 1766 pu·

135 1768 255 1802 dorem
292 1766 440 1810 virginis
467 1774 582 1807 notat,
627 1766 682 1800 vel
709 1766 808 1811 cupi—

136 1813 222 1847 dum
240 1810 359 1857 sponsi.

182 1857 224 1900 36
250 1857 319 1903 Qi
339 1865 435 1890 erant
458 1855 574 1890 invidi
597 1855 810 1890 Stilichoniae

88 1926 94 1929 <
137 1904 276 1944 domus,
299 1902 355 1935 vel
373 1901 448 1947 post
468 1900 580 1936 casum
602 1901 696 1935 illius
714 1902 812 1946 inge—

137 1948 245 1990 niosi,
275 1957 434 1992 poterant
463 1947 556 1980 hunc
581 1945 714 1980 versum
742 1955 811 1979 tra-

138 1993 218 2028 here
237 1993 279 2026 ad
299 1992 470 2036 objeecam
497 1991 683 2026 Stilichoni
712 1991 809 2036 cupi-

115 2038 284 2072 ·ditatem
324 2037 461 2082 imperii
500 2037 538 2071 in
568 2037 683 2070 filium
715 2036 812 2071 suum

139 2083 382 2118 transferendi.

186 2129 247 2170 362
272 2130 350 2162 Huc
378 2126 484 2172 usque
513 2125 685 2172 descripsit
711 2129 813 2171 poeta

140 2173 814 2263 {⁰025{ifetssffffsssssiffisnffuzffn322³?

379 2256 385 2263 .
592 2244 603 2259 ³
802 2238 817 2244 “

142 2266 196 2312 git
215 2276 364 2298 narrare.

185 2310 244 2353 363
270 2312 378 2351 Ebur,
410 2311 572 2353 sceptrum
608 2306 697 2341 illud
725 2309 814 2342 ebur·

140 2368 220 2391 num
257 2367 274 2388 e
301 2367 371 2400 quo
393 2356 502 2399 surgit
531 2355 662 2397 aquila,
701 2362 742 2386 ut
769 2351 816 2386 est

143 2400 301 2446 Juvenal.
325 2411 381 2442 ιο,
402 2410 452 2443 43,
513 2399 609 2443 quod
638 2398 818 2444 Diptycha

143 2447 249 2481 etiam
267 2445 350 2479 dant
371 2443 591 2480 Consulibus.
637 2444 702 2477 Sed
722 2443 817 2488 quod

143 2491 191 2526 est
211 2492 254 2525 de
272 2504 353 2525 urna
367 2491 560 2535 solemnibus
581 2490 724 2534 auspiciis
735 2501 818 2523 com-

144 2547 252 2578 mota,
286 2536 342 2570 hic
369 2535 458 2570 forte.
488 2535 621 2579 aliquid
650 2535 691 2568 de
712 2535 819 2568 veteri

145 2582 380 2627 auspiciorum
401 2581 470 2614 ritu
490 2581 573 2614 latet
586 2607 595 2622 ‚
620 2579 724 2614 simile
753 2579 821 2615 sor-

146 2626 264 2668 tibus,
305 2626 424 2671 quales
461 2635 556 2659 erant
593 2626 822 2667 Praenestinae3

124 2700 127 2703 .
146 2683 187 2708 ut
206 2671 309 2706 fuerit
330 2673 393 2705 hoc
405 2669 515 2716 ipsum
526 2670 609 2704 felix
620 2671 823 2716 auspicium,

149 2718 173 2754 si
192 2717 234 2754 de
254 2728 344 2753 urna
361 2724 535 2752 commota
550 2715 656 2752 exiret
677 2717 825 2762 aliquid,

853 1720 948 1765 quod
969 1718 1155 1754 secundum
1188 1719 1256 1760 rei,
1287 1717 1329 1751 de
1358 1728 1426 1764 qua
1446 1728 1525 1763 age-

854 1776 967 1807 retur,
999 1775 1162 1799 eventum
1188 1763 1380 1809 sponderet.
1429 1762 1521 1797 Illud

855 1811 950 1856 quod
977 1809 1137 1845 concussa
1154 1820 1242 1843 urna
1270 1809 1422 1854 primum
1443 1807 1524 1841 exsi-

854 1858 918 1899 lit,
943 1856 995 1891 vel
1024 1867 1040 1889 a
1060 1867 1168 1900 puero
1187 1855 1231 1888 ad
1249 1865 1322 1888 eam
1341 1865 1411 1887 rem
1429 1853 1528 1887 adhi-

856 1900 930 1937 bito
957 1901 1165 1941 extrahitur,
1196 1900 1264 1934 sors
1294 1897 1349 1932 est.
1396 1899 1462 1932 Sed
1484 1898 1528 1931 de

855 1947 1010 1982 sortibus'
1030 1946 1156 1991 pariter
1182 1945 1218 1979 &
1245 1946 1358 1979 avibus
1376 1943 1397 1978 s.
1419 1943 1528 1989 pullis

854 1995 986 2038 incepta·
1003 1992 1275 2035 secundantibus,
1315 1989 1449 2024 difficile
1480 1988 1527 2022 est

858 2049 969 2084 pauca
990 2037 1115 2071 dicere.

903 2083 965 2126 365
989 2083 1101 2116 Ambit
1129 2080 1236 2116 affive
1274 2080 1418 2127 positum
1447 2079 1527 2114 imi-

858 2130 988 2163 tatione
1017 2127 1157 2172 Virgilii
1187 2128 1270 2160 Aen.
1300 2136 1428 2168 ¹<31243
1466 2123 1529 2159 ubi

858 2174 1038 2210 Vulcanus
1057 2173 1158 2217 clipei
1184 2184 1254 2206 oras
1265 2173 1378 2206 ambiit
1397 2183 1482 2204 auro.

906 2219 972 2262 368
996 2217 1230 2263 Triumphum
1253 2217 1425 2262 quendam
1436 2218 1528 2249 Mar-

860 2265 904 2299 tis
925 2263 1106 2303 describit,
1128 2263 1186 2297 cui
1216 2263 1272 2296 dat
1292 2273 1396 2307 equos
1419 2260 1529 2302 albos,

861 2309 1026 2351 trabeam,
1048 2308 1237 2343 Romulum
1261 2309 1438 2351 aurigam,
1463 2316 1528 2350 pto

861 2356 1004 2399 antiquo
1025 2365 1128 2395 more,
1144 2366 1213 2399 quo
1226 2352 1291 2387 filii
1311 2350 1529 2396 triumphum

862 2401 968 2447 patris
988 2401 1023 2434 in
1045 2410 1148 2433 curru
1169 2400 1390 2436 comitantur,
1419 2396 1532 2430 Bello-

862 2457 918 2488 na,
952 2457 1026 2491 qua:
1046 2445 1102 2478 hic
1123 2444 1194 2478 filia
1214 2444 1339 2477 Martis
1367 2441 1433 2483 est,
1459 2451 1532 2475 tro-

862 2503 973 2538 paeum
1002 2489 1137 2536 ptaefert
1165 2499 1227 2524 etc.
1296 2488 1531 2533 Arripuerunt

863 2537 1022 2572 certatim
1059 2539 1167 2580 poetae
1205 2534 1409 2568 recentiores
1446 2531 1533 2566 lune

865 2583 1089 2626 antiquorum
1107 2581 1274 2614 rationem
1296 2579 1448 2624 pi&uras
1460 2588 1534 2611 mo-

865 2639 942 2662 rum
962 2628 997 2661 δι
1008 2627 1094 2705 ἔίῐω
1116 2624 1323 2671 Prosopoeiis
1341 2624 1406 2661 hoc
1424 2633 1533 2669 genus

869 2683 1005 2708 intexen
1033 2683 1055 2706 ι.
