1612 2948
449 97 530 141 IN
599 95 1135 140 CLAUDIANUM
1386 101 1470 146 XV

91 201 139 238 ut
162 208 384 252 ponerem,
412 195 507 251 quia
527 196 671 236 evitari
691 210 776 237 non
799 197 957 250 potuit,
985 203 1030 237 vt
1059 210 1143 237 non
1172 210 1371 251 ponerem
1406 207 1470 240 et-

89 255 193 300 iam,
223 267 314 309 quae
335 253 441 294 bona
460 265 552 306 pars
571 251 772 294 lectorum
791 252 862 294 fibi
883 267 965 295 non
988 261 1106 308 putet
1127 253 1355 295 neceffaria.
1415 257 1469 298 Et

91 311 218 351 velim
239 325 293 352 ex
318 323 369 351 eo
391 323 543 365 genere
567 310 645 350 esse
667 324 786 365 quam
813 312 1006 365 plurima,
1036 324 1127 365 quae
1148 311 1218 352 sibi
1240 326 1401 366 quoque
1422 315 1469 355 in.

89 376 273 408 mentem
294 369 435 408 venire
458 368 608 422 absque
630 382 719 408 mea
739 382 863 422 opera
886 367 1080 422 potuiffe,
1109 368 1306 423 ingeniosi
1331 371 1465 411 homi-

88 438 189 472 nes;
228 438 320 479 quae
350 425 390 466 se
419 424 581 465 aliunde
610 439 772 481 quoque
803 426 1006 473 didicill'e,
1043 424 1174 473 docti,
1205 427 1466 470 arbitrentur.

86 483 222 524 Multo
242 482 433 536 equidem
453 482 533 523 hoc.
553 483 715 530 malim,
745 497 866 538 quam
884 484 983 524 illud
997 513 1006 531 ‚
1028 485 1135 538 quod
1157 484 1262 538 ssepe
1284 498 1463 539 conque-

87 540 125 580 ri
145 539 339 580 studiosos
362 541 554 587 memini,
583 541 626 579 in
648 542 806 593 magnis
832 541 955 580 eriam
980 542 1278 588 voluminibus,
1308 543 1349 582 in
1380 556 1465 582 nm.-

119 610 169 636 na
190 597 298 636 mole
318 610 456 638 rerum
478 597 521 639 δε
542 598 784 644 verborum,
813 598 959 651 quibus
991 598 1112 638 facile
1133 612 1271 638 carere
1292 599 1464 653 possent,

103 668 127 694 e
148 651 370 694 desiderare
391 655 526 696 lucem
546 668 631 694 eam
647 683 657 701 ‚
686 668 776 708 quae
797 655 958 694 umbras
988 655 1034 695 ab
1066 655 1265 696 historiae.
1295 658 1466 712 mytho-

85 711 233 765 logiae,
263 713 553 767 geographiae,
583 712 859 765 antiquitatis,
890 712 1120 765 ignorantia
1159 713 1304 753 offusas
1331 715 1464 755 discu-

84 775 205 810 teret.
265 768 459 810 Ceterum
480 769 576 809 illos
596 769 756 822 priores
779 775 946 822 rogatos
971 769 1095 808 velim
1110 799 1118 810 ,
1148 779 1195 810 ut
1219 780 1314 810 ante
1344 786 1468 826 quam

84 826 269 868 nostrum
289 828 527 881 exemplum
542 826 585 865 in
607 838 750 865 manus
771 825 947 872 sumunt,
969 840 1117 880 purum
1137 827 1317 868 &solum
1339 830 1467 883 quod—

84 885 149 925 vis
180 897 263 923 non
295 884 417 924 nimis
447 884 571 923 breve
605 896 769 922 carmen
790 889 925 937 poetae
951 884 1126 938 legendo
1150 885 1257 924 vires
1279 885 1368 925 suas
1392 900 1466 927 ex-

83 941 317 996 periantur:
358 942 427 996 qui
458 941 537 980 hoc
567 941 636 981 ubi
666 940 822 988 fecere,
852 941 957 980 nihil
986 942 1028 981 in
1058 941 1205 981 nostris
1237 944 1465 992 invenient,

113 999 195 1039 uod
212 998 351 1051 juvet,
379 998 442 1038 illi
470 998 535 1038 his
566 997 605 1037 se
635 1011 774 1038 carere
803 997 913 1053 posse
946 997 988 1039 &
1020 999 1144 1039 sciant
1175 998 1218 1040 &
1247 1002 1464 1052 gaudeant.

81 1012 127 1096 gi
148 1056 214 1096 cui
243 1068 342 1095 vero
360 1055 569 1096 interdum
597 1054 816 1096 destituisse
839 1054 1037 1096 leftorem
1060 1057 1220 1099 videar,
1249 1056 1292 1097 ἃ
1317 1059 1467 1107 tacere,

83 1113 155 1154 ubi
173 1113 209 1152 is
240 1112 392 1168 aliquid
414 1114 688 1154 adnotationis
718 1112 994 1167 exspectaret,
1035 1114 1106 1153 ille
1135 1114 1320 1154 Iudicem
1348 1118 1466 1157 adeat

81 1183 233 1224 magno
254 1169 383 1210 studio
407 1169 641 1211 confectum
668 1170 715 1210 ab
737 1170 905 1210 homine
935 1171 1004 1211 suo
1034 1171 1136 1210 mihi
1159 1173 1350 1225 ingenio,
1381 1176 1465 1214 vir-

82 1233 187 1274 tute,
218 1225 404 1267 doctrina
421 1226 620 1268 carissimo
641 1227 813 1268 Nicolao
844 1228 1000 1274 Nicias,
1032 1229 1100 1281 qui
1124 1228 1198 1269 isto
1219 1230 1369 1273 labore,
1399 1232 1464 1272 ni-

82 1281 115 1325 fi
145 1296 234 1324 mea
264 1298 330 1324 me
356 1283 462 1324 fallit
501 1285 668 1339 opinio,
708 1284 842 1325 multo
874 1285 1094 1338 majoribus
1126 1299 1217 1339 quae
1248 1288 1466 1342 aliquando

82 1337 156 1396 i‘pfi
173 1341 380 1382 debebunt
399 1341 532 1383 literae
549 1341 786 1383 muneribus
799 1340 991 1396 praelufit.
1024 1342 1183 1396 Nempe
1205 1357 1287 1383 non
1308 1353 1466 1385 temere

81 1406 184 1454 puto
215 1397 426 1446 futurum,
455 1406 501 1441 ut
523 1399 757 1453 explicandi
785 1412 910 1453 opera
933 1413 1015 1439 non
1039 1413 1244 1454 nunquam
1264 1401 1463 1443 defluere-

81 1463 169 1502 tur,
200 1455 272 1496 nifi
294 1457 335 1496 in
355 1455 420 1496 his
447 1469 540 1511 quae
561 1455 727 1512 singulis
748 1457 984 1497 nominibus
1014 1459 1082 1497 vel
1107 1458 1241 1498 verbis
1264 1460 1464 1508 constant,

81 1526 255 1570 quaeque
287 1513 380 1554 satis
412 1515 514 1554 mihi
546 1522 633 1554 erat
663 1527 747 1554 uno
778 1514 821 1553 in
851 1513 945 1554 loco
975 1515 1204 1562 declarare,
1233 1531 1466 1572 quanquam

80 1584 162 1625 ego
176 1571 300 1611 malui
319 1571 386 1611 hic
398 1572 522 1612 etiam
543 1572 585 1611 in
606 1579 762 1626 partem
775 1573 915 1626 potius
927 1574 1123 1613 tutiorem
1135 1587 1321 1627 peccare,
1343 1589 1467 1629 quam

79 1628 202 1683 plane
225 1629 523 1683 inexplicatum
553 1630 785 1676 dimittere,
814 1630 923 1683 quod
954 1644 1079 1685 opera
1103 1631 1172 1670 illa
1194 1640 1379 1685 putarem
1401 1635 1465 1672 in-

79 1685 235 1741 digere.
294 1685 393 1727 Feci
416 1687 482 1727 hic
502 1688 648 1733 etiam,
671 1687 781 1742 quod
803 1687 940 1727 deberi
960 1696 1061 1742 puto
1081 1688 1388 1736 adolescentiae,
1418 1697 1466 1730 ut

78 1744 303 1785 indicarem
328 1744 497 1784 candide
519 1742 547 1784 fi
569 1744 666 1798 quid
688 1758 772 1785 non
795 1745 1086 1799 intelligerem,
1109 1760 1236 1801 eaque
1259 1748 1379 1787 revel
1401 1747 1464 1787 so-

79 1801 186 1841 larer
211 1815 306 1850 eos,
334 1803 404 1856 qui
431 1815 496 1841 me
517 1809 678 1843 tacente
698 1802 737 1842 se
760 1801 1012 1842 infeliciores
1040 1804 1199 1858 ingenii
1225 1805 1289 1845 vel
1312 1803 1465 1845 doctri-

78 1871 145 1898 nae
166 1866 312 1913 putare
332 1866 544 1912 poterant,
572 1860 638 1899 vel
661 1860 887 1900 excitarem
911 1862 1183 1901 attentionem
1205 1875 1361 1908 eorum,
1393 1862 1464 1916 qui

78 1929 146 1956 me
170 1923 242 1957 aut
261 1915 467 1956 doffiores
487 1917 589 1962 sunt,
610 1924 681 1957 aut
700 1917 924 1957 feliciores.
985 1918 1087 1958 Cum
1114 1920 1225 1959 enim
1239 1919 1339 1959 mihi
1359 1933 1464 1959 eon-

79 1974 224 2028 tigerit
240 1973 408 2027 juveni,
439 1981 483 2013 vt
504 1974 688 2014 viderem
711 1988 794 2014 non
816 1987 1029 2029 nunquam
1043 2005 1053 2022 ‚
1080 1989 1176 2030 quae
1198 1984 1319 2017 aetate
1341 1983 1463 2031 atque

79 2031 155 2071 usu
167 2031 292 2084 longe
306 2044 371 2070 me
388 2031 564 2084 majores
585 2030 798 2084 fugerant:
820 2032 1031 2086 improbus
1044 2034 1126 2087 ipse
1145 2035 1247 2074 mihi
1268 2034 1416 2084 videar,
1433 2031 1463 2074 fi

77 2101 163 2128 non
185 2089 358 2135 credam,
385 2089 428 2128 in
451 2089 529 2128 hoc
548 2089 698 2129 declivi
719 2090 852 2135 aetatis
868 2089 1088 2131 constituto
1110 2093 1237 2132 multa
1256 2091 1359 2131 mihi
1379 2091 1463 2131 ela-

77 2145 120 2186 bi
141 2144 265 2199 posse.
296 2159 387 2200 quae
406 2145 476 2186 alii
493 2146 610 2186 annis
631 2146 870 2202 viribusque
892 2146 1089 2190 florentes
1111 2149 1251 2191 labore
1270 2162 1357 2190 non
1378 2162 1464 2188 rna-

77 2216 163 2257 gno
192 2201 462 2259 afl'equantur.

162 2370 235 2412 XI.
267 2369 487 2427 Catalogus
509 2372 738 2414 editionum
759 2372 972 2416 Claudiani
992 2372 1122 2415 studio
1143 2374 1307 2416 Nicolaz'
1321 2373 1465 2415 Niclczs

76 2436 298 2482 excerptus
320 2443 374 2470 ex
395 2431 525 2477 libris,
553 2444 728 2485 quorum
739 2429 932 2487 Syllabus
956 2433 995 2472 in
1010 2430 1093 2472 fine
1117 2433 1297 2487 ponitur.
1355 2431 1463 2481 Quia

71 2484 342 2585 ¹{tiss-lignum
372 2487 395 2512 *
429 2486 617 2544 apposui,
645 2489 698 2529 de
719 2489 772 2530 iis
804 2491 890 2545 agit
910 2490 1120 2531 Indiculus
1142 2503 1182 2530 n.
1194 2490 1279 2531 XII
1309 2502 1461 2544 propo»

1240 2680 1292 2723 A.
1307 2678 1418 2722 CLA
1425 2679 1442 2721 I
1450 2679 1456 2710 ἱ·
