1612 2948
321 110 393 152 IN
423 109 608 152 PROB.
637 107 723 151 ΕΤ
753 99 947 151 οιΥΒς
972 107 1143 151 cous
1382 125 1406 160 s·

202 207 306 251 Aeta
331 207 452 248 Probi
475 220 638 247 narrare
668 221 838 263 queam,
868 213 968 262 quot
989 207 1031 247 in
1059 207 1203 247 ordine
1224 212 1370 262 gentes

201 284 396 331 Rexerit‚
424 284 473 324 ad
497 283 641 324 summi
661 285 822 339 quoties
847 282 1006 338 fastigia
1024 282 1128 336 juris

201 360 398 406 Venerit,
425 360 556 401 Italiae
580 362 660 401 late
687 375 781 401 cum
813 360 929 400 frena
949 365 1124 405 teneret,

90 438 139 474 60
195 434 465 490 Illyricosque
484 433 613 483 smus,
644 434 688 475 &
717 447 820 490 quos
839 441 925 475 arat
954 432 1096 474 Africa
1114 445 1292 488 campos.

195 507 274 549 Sed
302 510 385 549 nati
408 510 547 549 vicere
574 518 752 563 patrem,
784 508 936 563 solique
964 513 1173 548 merentur

198 584 392 628 Victores
415 588 553 627 audire
573 586 706 627 Probi.
734 599 818 626 non
848 586 1024 639 contigit
1053 585 1115 625 illi

198 660 313 701 Talis
344 661 499 708 honor,
528 661 658 715 prima
692 667 786 700 cum
817 665 931 714 parte
952 658 1171 699 viresceret
1195 657 1290 698 aevi.

199 733 295 775 Non
318 735 456 775 consul
475 748 570 776 curn
592 733 717 774 fratre
741 719 831 774 fuit.
862 746 938 785 vos
956 733 1069 774 nulla
1088 732 1233 786 fatigat

89 811 132 856 63

198 808 324 857 Cura,
348 811 418 850 diu
439 810 591 863 majora
621 815 790 863 petens:
820 821 904 848 non
932 807 1054 847 anxia
1073 814 1256 846 mentem

194 884 295 940 Spes
316 886 423 940 agit,
452 885 642 940 &longo
663 885 796 926 tendit
826 878 1052 939 praecordia
1083 890 1197 923 voto.

199 960 410 1016 coepistis,
439 974 518 1015 qua
544 959 640 1001 finis
664 967 762 1001 erat.

795 959 1018 1015 primordia
1037 958 1168 999 vestra

198 1034 285 1078 Vix
309 1036 427 1090 pauci
447 1049 634 1077 meruere
655 1036 770 1076 senes
788 1048 798 1075 :
829 1033 1035 1089 metasque
1054 1033 1220 1074 tenetis.

194 1109 305 1150 Ante
321 1138 331 1155 ‚
363 1122 490 1162 genas
511 1109 651 1150 dulces
675 1122 798 1164 quam
820 1107 898 1148 flos
921 1107 1119 1161 juvenilis
1138 1104 1360 1150 inumbret,

83 1195 136 1237 70
194 1182 358 1236 Oraque
379 1183 530 1223 ridenti
563 1183 759 1237 lanugine
785 1181 929 1221 vestiat
957 1188 1071 1221 aetas.

264 1257 345 1304 Tu,
371 1271 539 1312 precor,
568 1259 760 1312 ignarum
779 1258 948 1304 doceas,
971 1253 1190 1302 Parnaffia,
1212 1259 1361 1300 vatem,

188 1331 292 1380 Quis
312 1331 425 1371 Deus
451 1331 646 1371 ambobus
666 1331 770 1372 tanti
793 1329 842 1371 fit
860 1330 1043 1370 muneris
1066 1327 1219 1369 auctor.

194 1400 408 1460 Postquam
432 1406 642 1446 fulmineis
662 1395 880 1460 impellens
907 1405 1063 1445 viribus
1082 1402 1241 1443 hostem

193 1479 375 1534 Belliger
393 1478 601 1534 Augustus
625 1479 805 1532 ‘trepidas
838 1478 1047 1518 laxaverat
1074 1476 1218 1530 Alpes,

81 1562 128 1602 73

192 1552 324 1592 Roma
344 1552 475 1593 Probo
501 1553 671 1606 cupiens
693 1552 837 1606 dignas
868 1550 1101 1605 persolvere
1121 1555 1272 1603 grateS,

195 1623 342 1666 Sedula
364 1638 440 1679 pro
469 1626 576 1666 natis
597 1626 810 1666 dominum
838 1623 998 1666 flexura
1027 1621 1209 1677 rogando

171 1819 210 1854 57
221 1822 401 1846 numerare
411 1814 454 1846 al.
494 1841 500 1846 .

536 1812 581 1846 62
597 1822 680 1846 num
702 1811 850 1856 contigit
867 1811 949 1854 conj.
962 1810 1077 1853 Heius:

805 1699 900 1744 A3
1403 1688 1470 1731 Ire

1169 1805 1215 1841 66
1228 1804 1321 1838 lento
1336 1804 1377 1836 al.

670 1857 713 1899 67
740 1869 810 1902 quo
833 1859 874 1891 al.

126 1969 166 2002 57
190 1961 314 1994 Summi
325 1961 558 2005 fastigia—iuris
587 1972 657 1994 non
676 1972 758 1995 eon·

80 2004 227 2038 sulatum
246 2004 330 2046 effe,
360 2006 454 2050 quod
476 2005 616 2039 Barthio
645 2005 754 2039 visum

81 2050 127 2083 est
156 2061 258 2095 quein
288 2050 390 2085 secuti
421 2052 566 2095 reliqui:
591 2050 646 2085 sed
666 2053 755 2085 1³1·ae-

80 2095 246 2130 feE‘turam
265 2097 419 2131 Praetorii
433 2125 441 2138 ‚
462 2095 595 2130 videbit
614 2097 754 2141 apertis-

82 2141 180 2183 sime,
209 2141 231 2174 fi
263 2142 341 2186 quis
371 2142 426 2175 vel
452 2140 566 2176 obiter
587 2142 753 2187 inspicere

82 2187 166 2220 velit
194 2186 505 2221 Gothofredianam
536 2186 597 2220 sub
631 2188 751 2221 codice

78 2231 315 2266 Theodofiano
336 2233 497 2266 notitiam
510 2232 750 2268 Praefe&on11n

80 2278 245 2311 Praetorio
275 2279 309 2311 in
339 2278 409 2322 ipso
436 2279 634 2323 principio,
674 2288 750 2312 tum

102 2334 154 2356 uae
175 2323 209 2356 in
230 2323 522 2369 Prosopographia
544 2324 586 2358 de
608 2323 672 2358 hoc
692 2335 754 2357 no-

109 2379 146 2402 ro
173 2367 285 2402 Probo
312 2369 404 2402 idem
433 2368 547 2403 refert.
600 2372 642 2403 Et
670 2369 752 2403 facit

79 2416 181 2458 pocta
203 2412 313 2447 statim
331 2415 539 2447 mentionem
563 2414 751 2448 dioeceseon

80 2461 205 2500 statice,
235 2461 379 2502 Africae,
410 2461 546 2502 Illyrici,
583 2472 658 2504 quae
689 2459 750 2493 sub

82 2504 244 2539 Praefesto
255 2505 410 2539 Praetorii
426 2505 532 2539 ltaliae
555 2506 750 2551 generalius

82 2549 180 2584 dicta:
204 2559 310 2584 etant.

719 2607 754 2628 2-

693 2607 751 2675 liic

125 2596 168 2629 62
192 2596 333 2639 Duplex
354 2597 581 2642 ptaetogativn
603 2606 671 2641 prae

80 2650 130 2674 tre
159 2639 313 2674 filiorum
342 2640 467 2683 Probi,
516 2652 666 2686 quorum

79 2685 295 2720 consulatum
323 2685 471 2721 celebrat
499 2690 622 2733 pocta,
657 2687 753 2731 quod

82 2731 298 2766 consulatum
336 2732 480 2778 capiunt
525 2744 606 2767 cum
650 2732 755 2766 fratre

800 1959 834 1995 h.
856 1972 883 1995 e.
904 1958 1007 1994 ambo
1027 1957 1125 1991 simul
1140 1956 1283 1996 fratres,
1310 1951 1347 1986 &
1375 1954 1472 1999 quod

794 2007 899 2052 'pueri
924 2005 1079 2050 capiunt.
1459 2043 1468 2049 -

844 2051 890 2085 66
919 2052 1037 2086 Tendit
1058 2057 1224 2092 tanquam
1245 2055 1384 2085 arcum,
1407 2054 1469 2088 qui

798 2108 868 2131 non
902 2095 1034 2141 semper
1061 2094 1142 2128 ferit
1172 2091 1266 2137 quod
1295 2091 1470 2124 minatur:

795 2148 900 2186 porro
931 2143 967 2175 in
998 2140 1146 2174 tensione
1165 2148 1350 2171 nervorum
1371 2135 1472 2169 dolo·

794 2198 865 2221 rem
886 2186 962 2227 effe,
980 2186 1105 2221 docent
1123 2182 1266 2229 Physici.
1325 2227 1332 2233 .

842 2232 886 2272 68
911 2236 1078 2273 Meruere,
1108 2231 1130 2264 i.
1162 2228 1333 2262 consecuti
1368 2227 1469 2260 sunt:

795 2289 1008 2322 quamquain
1020 2287 1130 2321 neque
1141 2273 1326 2319 dignitatis
1339 2273 1372 2307 &
1384 2283 1473 2306 met-

795 2323 888 2358 cedis
906 2324 1085 2358 notionem
1106 2321 1242 2354 videtur
1254 2318 1447 2351 excludere.

839 2379 876 2412 73
903 2367 1085 2413 Postquam
1113 2363 1324 2412 Theodosius
1356 2365 1469 2407 Euge-

796 2415 855 2448 nie
885 2413 1043 2460 superato
1070 2412 1180 2457 Alpes
1210 2408 1364 2443 reddidit
1391 2418 1468 2452 per-

797 2462 880 2493 vias.
1320 2465 1342 2473 ¹·

839 2515 880 2548 ῖς
905 2507 1031 2545 Romae,
1062 2513 1167 2547 quam
1187 2499 1368 2544 splendida
1386 2509 1468 2542 pro-

796 2549 1038 2595 sopopoei-ahic
1058 2558 1223 2591 tanquam
1235 2547 1356 2585 Deam,
1377 2552 1468 2577 certe

798 2595 964 2635 Hcroida,
988 2594 1134 2633 inducit,
1163 2592 1222 2624 dat
1242 2601 1384 2624 currum
1405 2599 1467 2634 pa-

799 2642 862 2675 tris
882 2641 931 2674 sui
947 2639 1089 2677 Matris,
1116 2638 1150 2671 in
1171 2638 1270 2680 cujus
1290 2634 1466 2668 famulitio

799 2689 937 2731 Impetus
955 2685 991 2719 etc
1010 2688 1120 2718 Metus·
1143 2681 1219 2715 sunt
1249 2682 1352 2715 etimn
1371 2678 1467 2725 apud

800 2732 987 2777 Papinium
1004 2727 1112 2774 Theb.
1132 2738 1162 2771 7,
1182 2728 1277 2771 qr&
1297 2737 1353 2771 49.
