1612 2948
212 92 350 136 XLIV
432 90 866 140 1.M.GESNER1
919 93 1428 138 PROLEGOMENA

852 189 956 232 XVI

242 301 360 344 AN
426 300 735 343 COMES
800 300 1266 345 ORIENTIS
1320 303 1544 348 FUIT

574 373 1224 417 CLAUDIANUS?

298 492 417 540 Quod
451 490 629 531 diximus
663 489 806 536 modo,
844 490 887 530 in
920 488 1062 531 Titulo
1084 489 1311 539 Claudiani,
1348 491 1452 532 nihil
1485 491 1577 540 effe,

215 550 323 603 quod
341 548 521 587 fraudem
541 554 702 601 arguat,
732 546 831 586 illud
868 549 1139 588 revocandum
1174 548 1319 596 fuerit,
1347 547 1377 589 fi
1402 541 1472 589 ille
1497 549 1578 592 fuit

216 605 364 645 Comes
391 604 586 644 Orientis.
663 604 821 658 Nempe
851 603 971 644 habet
998 604 1067 644 lex
1094 618 1137 643 11
1170 604 1214 645 C.
1243 606 1401 646 Theod.
1429 606 1480 646 de
1506 606 1578 653 Ju-

214 663 328 715 daeis‚
359 661 562 702 Caelicolis
590 660 632 701 &
660 659 918 701 Samaritanis
948 661 1042 714 (ιὸ,
1073 661 1124 713 8)
1154 662 1468 716 inscriptionem,
1493 662 1579 703 Ar·-

214 720 319 759 cmm'
347 717 396 761 &⁷
424 718 599 759 Honora:
628 717 685 757 cml
716 716 976 759 Claudianum
1009 718 1194 758 Comitem
1230 719 1419 769 Orientis.
1457 718 1578 760 Hunc

214 776 393 816 nostrum
422 782 585 830 poetam
611 774 707 821 esse,
736 774 931 816 Seldenus
960 776 1124 829 putabat
1153 775 1203 815 de
1231 776 1262 815 1.
1292 776 1344 817 N.
1373 775 1415 817 &
1444 775 1577 824 G.2,9

215 833 257 873 ἅ
286 833 368 887 ipse
397 832 674 873 Gothofredus
703 833 751 872 ad
780 833 807 872 l.
837 847 871 872 c.
911 847 1031 887 quem
1058 840 1198 872 movet
1228 833 1269 872 in
1299 833 1441 886 primis
1469 840 1575 873 tem-

213 904 359 944 porum
396 890 700 935 convenientia,
750 889 792 930 &
830 890 1013 930 constans
1051 887 1173 929 lectio
1219 889 1436 936 librorum,
1482 903 1577 931 cum

213 961 294 987 una
321 954 479 987 tantum
518 945 738 987 Parilienfis
767 947 892 986 editio
922 947 1066 987 habeat
1099 945 1316 986 Claudium.
1397 945 1476 987 Sed
1504 947 1576 1001 qui

212 1006 348 1058 potuit
381 1005 424 1044 in
458 1004 600 1055 titum,
643 1002 672 1043 fi
710 1017 830 1044 verus
871 1002 948 1050 est,
996 1004 1130 1043 omitti
1171 1003 1368 1057 dignitas,
1407 1004 1458 1044 de
1497 1017 1575 1058 qua

212 1062 309 1104 Not.
338 1061 440 1113 Imp.
470 1059 687 1114 c.io4'sqq.
746 1060 917 1106 (Labbei
946 1061 971 1100 s.
996 1060 1057 1111 12)
1112 1059 1195 1099 Sub
1224 1058 1469 1114 dispositione
1501 1060 1575 1101 W-

201 1119 252 1157 -ri
289 1115 521 1170 Spefi‘czbilis
557 1116 720 1156 Comitis
764 1117 949 1156 Orientis.
980 1115 1215 1169 Paloestincc,
1257 1114 1466 1164 Phoenice,
1502 1115 1575 1169 Cy·-

206 1188 310 1229 prus
347 1173 425 1215 διε.
464 1173 699 1227 quindecim
744 1181 981 1214 enarrant-ur
1027 1173 1266 1213 Provinciae.
1352 1171 1394 1214 Si
1441 1174 1575 1221 dieas,

210 1233 291 1272 hoc
330 1232 485 1270 honore
524 1229 684 1271 auctum
723 1229 801 1270 effe
839 1230 1103 1270 Claudianum
1139 1229 1227 1283 post
1264 1228 1432 1271 statuam
1469 1228 1572 1284 posi-

210 1298 294 1329 tam
329 1301 422 1328 cum
451 1288 594 1331 titulo,
632 1286 735 1326 nihil
763 1288 928 1327 dixeris.
1013 1286 1169 1340 Scripta
1205 1287 1274 1326 lex
1312 1287 1368 1327 est
1398 1288 1586 1330 Arcadio*

209 1345 298 1391 IV,
336 1345 520 1384 Honorio
551 1344 613 1383 ΠΙ
650 1342 789 1384 COSS.
827 1344 907 1397 (A.
937 1342 981 1384 C.
1008 1344 1121 1397 396).
1202 1343 1259 1384 At
1294 1342 1461 1385 statuam
1489 1357 1574 1385 me·-

209 1401 330 1443 ruiss'e
360 1402 398 1441 se
429 1402 484 1441 ait
513 1401 637 1441 Poeta
661 1414 723 1449 25,
752 1413 770 1447 5
799 1400 886 1455 post
914 1400 1066 1442 bellum
1094 1399 1355 1441 Gildonicum
1384 1400 1427 1442 &
1454 1413 1571 1456 quat-5

207 1466 298 1500 tum
326 1458 584 1499 Consulatum
612 1457 796 1499 Honorii.
879 1458 1020 1511 Itaque
1057 1464 1126 1497 aut
1157 1457 1301 1498 titulus
1338 1457 1458 1499 falsus
1495 1456 1573 1506 est,

208 1523 277 1556 aut
315 1517 416 1556 alius
457 1514 604 1556 Comes
643 1515 839 1555 Orientis.
926 1514 990 1556 Ne
1028 1515 1191 1554 titulum
1240 1514 1335 1555 hinc
1384 1528 1572 1569 arguam,

208 1573 300 1613 haec
339 1572 468 1612 habeo
507 1578 767 1626 argumenta:
826 1572 957 1625 primo
996 1584 1079 1611 non
1118 1569 1164 1611 fit
1202 1571 1303 1610 mihi
1331 1569 1570 1625 probabile,

207 1630 345 1671 nostro
374 1629 616 1676 Claudiano,
649 1629 896 1669 Honorianae
934 1629 1036 1669 aulae
1074 1627 1116 1669 &
1145 1626 1360 1668 Stilichoni
1398 1627 1570 1675 addifto,

208 1689 253 1728 in
290 1686 418 1740 ipsum
463 1685 601 1739 aspero
641 1685 881 1732 Arcadium,
927 1685 1126 1726 tributum
1164 1684 1211 1724 ab
1248 1684 1448 1732 Arcadio,
1502 1685 1569 1726 vel

207 1744 409 1798 Eutropio
448 1744 605 1797 potius,
648 1741 884 1783 Stilichonis
930 1742 1103 1789 aemulo,
1147 1747 1304 1781 tanturn
1344 1741 1569 1789 honorem;

207 1801 355 1841 deinde
382 1807 516 1841 tacere
554 1800 603 1839 de
631 1799 704 1839 illo
733 1798 903 1853 potuiss'e
930 1804 1114 1855 po'e’tam,
1149 1799 1193 1839 in
1230 1806 1314 1839 tam
1350 1799 1568 1854 multiplici

205 1859 258 1914 de
286 1858 325 1899 se
354 1857 599 1913 praedicandi
628 1855 848 1898 occasione.

1438 2690 1566 2734 XVII
