1612 2948
482 157 1121 204 FESCENNINA⁴

1386 169 1447 217 ἰς-ι

252 257 423 300 Praefert
449 256 606 299 Achilli
644 264 686 299 te
715 259 891 313 proprio
914 257 1078 300 Thetis.

254 332 423 377 Vierum
451 332 606 374 fatetur
643 333 774 375 Delos
811 334 1064 388 Apollinem.

252 408 392 450 Credit
427 407 631 449 minorem
660 409 792 465 Lydia
828 409 1035 451 Liberum.

139 495 183 522 10

253 481 321 523 Tu
353 495 447 522 cum
477 496 550 536 per
580 483 682 523 altas
719 484 896 538 impiger
925 485 1043 525 ilices

251 557 392 598 Praeda
431 559 601 599 citatum
636 559 902 612 cornipedem
934 572 1068 613 reges,

248 632 491 689 Ludentque
523 635 659 674 ventis
691 633 896 673 instabiles
925 646 1082 683 comae;

250 706 289 748 T
291 708 367 747 elis
390 709 584 760 jacebunt
613 708 755 762 sponte
784 708 867 748 tuis
899 706 1014 755 ferae,

253 779 519 835 Gaudensque
550 780 670 820 sacris
699 780 940 821 vulneribus
968 780 1038 821 leo

138 865 176 903 ις
255 856 458 899 Admittet
498 855 649 896 hastam
678 863 811 896 morte
841 856 1068 910 superbior.

252 930 396 974 Venus
427 931 635 971 reversum
669 930 830 985 spernat
859 931 1108 981 Adonidem,

248 1004 425 1045 Damnet
452 1002 665 1045 redufirum
696 1003 878 1060 Cynthia
908 1003 1116 1048 virbium.

248 1077 353 1119 Cum
380 1077 469 1132 post
499 1078 660 1118 labores
690 1068 759 1119 sub
789 1078 945 1133 platani
979 1079 1098 1120 voles

253 1151 442 1196 Virentis
471 1153 637 1200 umbra,
675 1154 744 1194 vel
773 1153 912 1208 gelido
940 1152 1063 1208 specu
1116 1174 1119 1179 ·

138 1240 188 1268 20

249 1227 563 1268 Torrentiorem
599 1227 743 1268 fallere
782 1226 947 1277 Sirium,

247 1301 302 1342 Et
332 1301 512 1340 membra
540 1300 682 1340 somno
719 1299 816 1341 fessa
846 1301 1089 1342 resolveris:

253 1376 292 1418 O
323 1382 497 1432 quantus
527 1384 620 1418 uret
647 1383 737 1418 tum
766 1377 955 1433 Dryadas
983 1376 1133 1418 calor?

140 1565 168 1589 ιι
194 1554 310 1599 ριέᾰο
330 1557 446 1600 Heius:
464 1557 573 1601 poster.
592 1568 627 1590 ex
647 1568 709 1591 uno
728 1558 888 1600 alteroque
908 1556 984 1590 MS.

137 1628 283 1663 utraque.
328 1619 456 1663 Praeda,
481 1631 591 1664 reges,
614 1620 737 1654 ludent
760 1623 855 1654 etiam
880 1621 950 1654 Vic.
968 1620 1144 1663 Vien.Bttfi
1164 1631 1234 1653 cnm
1252 1621 1324 1655 rell.

232 1682 285 1715 nit
305 1703 336 1709 --
353 1682 493 1717 damnat
511 1686 554 1717 al.

141 1798 211 1821 cum
226 1787 254 1827 fi
270 1785 378 1828 judice
398 1795 509 1827 certet,
536 1788 609 1820 Pan
626 1788 722 1821 etiam
751 1789 816 1821 Ar-

141 1833 231 1865 cadia
267 1832 351 1864 dicat
373 1832 533 1875 sejudice
564 1833 697 1866 vidium.
751 1832 816 1865 Ille

141 1877 234 1910 enim
254 1876 300 1909 est
321 1875 566 1911 enthusiasmus
601 1880 732 1921 poetae,
763 1887 816 1910 ar-

143 1932 310 1967 gumento
330 1922 515 1962 carminis,
543 1921 709 1956 laudibus
741 1922 816 1955 Au-

145 1966 248 2012 gusti,
270 1967 406 2001 vincere
418 1966 623 2012 sesperantis
649 1965 816 2013 agrestem

146 2015 249 2047 Pana.

237 2058 352 2099 Lydia,
381 2068 456 2100 quae
469 2057 592 2092 Bacchi
608 2056 816 2102 majestatem

146 2069 239 2138 vicffit
259 2103 294 2136 in
315 2102 372 2136 suo
391 2103 490 2136 Mida
519 2104 585 2138 &c.

191 2160 220 2184 ιι
259 2149 393 2190 Praeda,
422 2147 527 2182 bestia
550 2160 655 2193 quam
674 2159 816 2184 venator

144 2193 381 2241 persequitur:
406 2192 509 2228 habet
540 2195 630 2228 enim
660 2194 724 2229 hoe
755 2206 817 2229 no-

144 2251 224 2273 men
247 2238 341 2284 quasi
362 2239 582 2273 domicilium
616 2240 652 2274 in
677 2250 814 2275 venatu.

144 2288 265 2330 Equus
285 2287 426 2327 citatur,
473 2286 660 2328 incitatur,
684 2286 814 2330 praeda,

145 2342 178 2364 v.
200 2342 232 2375 g.
257 2341 360 2365 ceruo
380 2358 388 2371 ‚
428 2342 532 2376 quem
565 2341 643 2366 ante
671 2331 701 2365 se
728 2332 814 2377 agir,

144 2376 261 2416 videt,
285 2375 416 2410 olfacit.

195 2430 233 2455 12
257 2421 358 2455 Poffis
398 2422 621 2468 Hypallagen
679 2432 815 2468 putare,

144 2477 210 2512 pro
229 2468 321 2500 venti
338 2469 448 2502 ludent
467 2471 570 2503 comit.
591 2468 657 2503 Sed
684 2468 814 2503 redium

146 2511 194 2546 est
220 2512 324 2545 etiam
360 2525 454 2548 coma.-
484 2517 602 2549 ludunt
620 2542 631 2556 ‚
673 2512 814 2556 saliunt,

143 2556 348 2609 lascnfitmt,
385 2559 468 2603 quia
500 2559 577 2594 sunt
610 2560 768 2603 instabiles
794 2571 814 2594 a

146 2613 266 2637 ventu.

195 2660 230 2691 ¹4
256 2651 351 2683 Sacra
369 2652 503 2685 vulnera
529 2662 548 2685 a
567 2650 659 2686 sacra
679 2651 732 2685 vel
760 2650 816 2685 di-

149 2695 230 2728 vina
248 2694 315 2739 (fic
336 2695 428 2728 enim
441 2696 507 2730 Dls
537 2696 607 2731 illis
635 2693 815 2742 placebat)

147 2751 253 2776 manu
291 2739 441 2776 inflistis.
506 2744 601 2778 Nota
628 2741 681 2777 est?
702 2742 814 2777 sarculi

1415 1453 1532 1503 Quot

1055 1564 1153 1600 regas
1182 1553 1217 1592 ἃς
1248 1552 1373 1589 ludant
1393 1556 1474 1589 idem
1495 1545 1534 1587 fin,

1386 1621 1423 1654 16
1442 1620 1533 1666 sper-

623 1689 659 1723 18
683 1684 793 1727 jaces,
818 1682 943 1724 cubes,
968 1683 1059 1716 vices
1079 1685 1121 1716 al.
1142 1683 1236 1717 voles
1253 1684 1351 1716 etiam
1371 1685 1440 1728 an.

865 1784 1092 1819 Theodofiani
1124 1785 1226 1818 etiam
1255 1785 1292 1818 in
1319 1783 1456 1830 legibus
1478 1786 1535 1820 in·

862 1831 1111 1876 temperantia,
1141 1831 1176 1864 &
1206 1830 1330 1865 stolida
1357 1832 1533 1877 magnilo-

862 1886 1015 1921 quentia.

910 1932 944 1961 15
969 1923 1132 1960 Admittet
1152 1921 1293 1963 hastam,
1331 1930 1371 1955 ut
1398 1921 1532 1966 gladia-

859 1976 950 2002 tores
977 1969 1112 2011 recipere
1125 1968 1253 2008 ferrum
1269 1965 1447 2010 jubentur.

908 2022 942 2055 17
972 2014 1080 2047 Virbii
1101 2010 1218 2045 fabula
1237 2011 1284 2045 est
1312 2017 1400 2046 Aen.
1418 2022 1450 2055 7,
1470 2013 1532 2055 761

860 2057 907 2102 sq.
955 2058 1126 2098 Breviter,
1145 2057 1332 2091 laceratum
1352 2057 1396 2091 ab
1420 2060 1534 2103 equis,

863 2104 898 2138 δι
919 2103 954 2137 in
972 2103 1084 2137 lucem
1105 2112 1302 2136 revocatum
1314 2102 1430 2137 herbis
1443 2105 1535 2148 Hip-

861 2149 1044 2194 polytum,
1073 2148 1215 2182 nomine
1236 2147 1349 2183 Virbii
1379 2148 1467 2183 clam
1494 2150 1533 2183 in

862 2194 951 2228 filvis
977 2193 1088 2227 secum
1108 2194 1222 2227 Diana
1250 2192 1384 2228 habuit.

907 2249 947 2274 22
972 2240 1123 2281 Dryadas
1143 2237 1346 2282 arboribus,
1373 2238 1535 2273 nomina—

862 2285 926 2319 tim
944 2283 1143 2330 quercubus
1162 2286 1318 2328 (δρυσὶ-ι)
1362 2285 1532 2330 assignari,

863 2332 991 2365 Naidas
1010 2329 1183 2371 fontibus,
1208 2340 1375 2375 tanquam
1396 2330 1542 2375 genios,

861 2375 898 2411 &
917 2376 1075 2410 tutelaria
1095 2375 1253 2421 quaedam
1274 2377 1441 2416 numina,
1473 2375 1532 2409 sed

861 2422 898 2456 in
917 2425 1084 2464 Venerem
1106 2432 1177 2456 non
1207 2422 1323 2456 minus
1347 2431 1452 2466 quam
1471 2420 1532 2454 Sa-

859 2477 955 2513 tyros
985 2467 1022 2501 δι
1051 2468 1187 2509 Faunos
1214 2478 1345 2512 prona,
1387 2465 1532 2500 lestores

859 2516 1040 2559 po'e'tarum
1062 2523 1132 2546 non
1152 2511 1261 2557 potest
1289 2511 1419 2563 fugere.
1470 2511 1535 2545 Ille
1590 2528 1593 2531 ·

859 2570 972 2604 anceps
988 2560 1110 2603 gradus
1129 2557 1272 2603 pulchre
1289 2557 1455 2602 expnmit
1467 2556 1534 2591 flu-

861 2604 1033 2640 &uantem
1070 2605 1160 2638 inter
1200 2603 1326 2637 amoris
1357 2602 1532 2646 cupidita-

860 2659 950 2691 tem,
993 2651 1029 2684 ἃ
1079 2647 1285 2684 muliebrem
1326 2646 1529 2684 modestiam

861 2696 1028 2731 animum.
