1612 2948
444 100 527 144 IN
583 97 1126 144 CLAUDIANUM
1406 102 1493 147 VII

102 199 178 240 bus
199 198 328 241 Lunae
351 202 408 246 36,
425 210 522 246 403,
551 197 595 239 ὅτ
626 199 846 240 textricem
876 198 1156 253 Proserpinam
1174 201 1232 247 36,
1256 203 1346 249 246.
1400 201 1484 243 Ita-

99 269 179 311 que
201 257 394 298 credibile
415 255 484 302 est,
514 254 631 296 illum
653 255 842 298 auetores
865 255 1042 297 habuisse
1065 257 1189 297 etiam
1211 257 1280 298 ubi
1300 259 1482 300 nondum

98 314 394 367 deprehensum
422 311 480 353 est
512 325 615 368 quos
650 313 810 354 secutus
843 311 903 355 fit.
960 314 1048 355 Huc
1071 313 1154 368 ipsa
1172 327 1334 369 quoque
1355 315 1480 356 histo-

98 370 170 417 ria,
200 379 398 425 quatenus
418 374 554 424 po'e'tae
578 369 1027 426 servit&Geographia
1054 369 1099 425 *)
1127 371 1355 413 referendae
1376 374 1478 420 sunt,

98 427 216 480 qu‘us
236 430 388 484 ubique
419 426 588 480 vestigia
610 428 965 482 deprehendimus.
1024 429 1157 478 Quam
1191 429 1274 483 ipse
1294 430 1407 471 utilis
1428 427 1476 470 fit

94 483 154 524 sui
179 487 377 540 temporis
406 483 608 532 historiae,
641 487 718 526 viri
750 485 860 526 docti
887 485 988 526 olim
1018 485 1294 527 observarunt.
1352 486 1475 527 Solus

93 540 216 582 instar
244 544 429 583 omnium
459 540 537 581 effe
562 542 693 595 potest
713 542 887 590 Jacobus
911 542 1218 590 Gothofredus,
1248 544 1316 598 qui
1345 543 1472 585 histo-

90 598 245 640 riarum
263 601 418 641 lumine
438 612 533 639 cum
557 599 886 640 Theodofianum
908 599 1101 641 Codicem
1121 602 1303 656 egregie,
1330 600 1373 643 &
1394 602 1472 642 im-

89 668 209 696 mane
236 666 433 712 quantum
463 656 579 710 supra
608 670 753 697 omnes
773 656 978 710 Legistas,
1006 656 1246 705 illustraret,
1276 672 1324 698 ea
1352 659 1395 700 in
1423 673 1469 699 re

87 711 268 754 feliciter
289 716 413 756 etiam
434 713 660 754 Claudiano
682 714 774 754 usus
798 713 878 760 est,
907 714 1024 767 cujus
1053 715 1112 754 rei
1141 714 1296 756 illustre
1317 724 1468 769 praeter

89 777 228 812 cetera
258 772 463 826 specimen
485 770 542 811 cst
562 771 634 811 ille
664 772 713 811 ad
741 771 798 817 l.3
825 771 875 811 ad
898 770 942 810 L.
966 769 1201 812 Corneliam
1229 774 1281 812 de
1300 771 1466 815 Sicariis

80 828 212 881 justus
234 829 574 875 commentarius,
603 827 709 874 To.3
739 842 777 882 p.
795 841 852 866 110
873 828 952 883 sqq.
982 828 1052 868 ubi
1079 826 1232 876 Rufini,
1261 829 1466 880 Gildonis,

87 884 252 934 Gainae,
284 887 420 941 Bargii
442 884 641 926 factiones
661 886 855 939 explicat.
916 884 997 925 Sed
1027 899 1078 926 an
1099 884 1320 928 Chemicus
1341 889 1466 930 etiam

84 941 163 983 fuit
185 943 357 984 noster?
386 942 453 984 Est
475 943 639 996 quidem
666 943 766 983 illud
797 942 1008 984 Claudiani
1038 943 1254 991 saeculum,
1284 958 1364 999 quo
1393 946 1466 986 illa

83 999 150 1039 vel
173 1014 237 1040 ars
255 1001 322 1041 vel
345 1001 501 1041 vanitas
525 1000 709 1040 invaluit.
768 1000 836 1041 Est
858 999 1105 1040 Claudianus
1117 1001 1265 1055 aliquis
1283 1003 1327 1041 in
1346 1000 1465 1043 Cata-

83 1057 183 1111 logo
207 1057 496 1099 Chemicorum
517 1056 774 1097 Graecorum.
845 1057 941 1101 Vid.
974 1059 1008 1099 F
1010 1057 1132 1098 abric.
1164 1058 1209 1098 B.
1235 1057 1285 1099 G.
1310 1058 1406 1102 Vol.
1422 1071 1462 1100 12

80 1118 234 1169 p.776,
265 1117 333 1170 qui
357 1115 488 1160 addit,
517 1115 567 1154 de
589 1128 670 1168 quo
693 1114 868 1169 amplius
894 1128 1101 1169 quaerere,
1128 1115 1230 1155 mihi
1257 1115 1369 1169 (veri
1398 1124 1461 1159 et-

79 1173 161 1212 iam
190 1173 278 1212 auri
305 1172 333 1212 fi
361 1187 444 1214 non
474 1173 745 1218 contemtori,
782 1173 953 1212 amatori
983 1178 1096 1212 certe
1130 1172 1223 1213 satis
1251 1173 1461 1228 frigido),

80 1241 165 1269 non
197 1236 337 1270 vacat:
377 1230 521 1271 Etiam
550 1228 725 1269 Latinus
754 1228 885 1268 Poeta
916 1228 1162 1269 Claudianus
1200 1230 1242 1269 in
1274 1230 1459 1273 Carmine

78 1284 127 1326 de
164 1291 288 1337 raptu
329 1286 585 1342 Proserpinoe
625 1285 848 1326 Clzemicum
880 1286 1100 1340 artificium
1141 1287 1266 1339 tegit,
1298 1287 1336 1342 st
1372 1288 1458 1343 Q‘J'o.

77 1342 170 1383 Nic.
199 1341 388 1384 Furiclzz'o
417 1341 628 1384 eredimus.
686 1342 918 1383 Laudantur
938 1342 1060 1397 hujus
1080 1343 1262 1384 hominis
1286 1353 1460 1399 quatuor

75 1400 172 1441 libri
199 1400 459 1457 Chryseidos,
490 1400 534 1440 in
555 1399 701 1455 quibus
725 1400 887 1440 videtur
915 1400 1020 1442 illud
1043 1401 1197 1456 grande
1214 1402 1458 1458 mysterium

75 1457 279 1498 retexifi'e.

157 1533 234 1577 IV.
264 1532 322 1574 Ut
341 1533 391 1573 de
413 1532 583 1588 ingenio
605 1531 821 1574 Claudiani
841 1532 887 1574 ὅ(
904 1532 1099 1574 facultate
1118 1534 1282 1588 poetica
1301 1535 1457 1590 aliquid

73 1590 256 1631 dicamus
285 1605 307 1630 a
337 1591 456 1631 nobis
485 1588 764 1645 exspeflzatur,
785 1590 1005 1644 disputatio
1033 1604 1118 1631 non
1138 1590 1284 1632 facilis.
1366 1593 1453 1634 Ma-

72 1662 202 1703 gnum
230 1647 323 1688 sane
351 1647 394 1688 &
423 1661 550 1703 capax
578 1649 795 1702 ingenium
824 1649 1024 1702 contigit,
1065 1649 1173 1703 quod
1204 1649 1354 1690 merito
1381 1650 1452 1692 suo

69 1704 209 1760 passim
229 1705 307 1746 viri
328 1703 400 1759 ipfi
421 1704 615 1760 magni&
635 1703 833 1759 ingeniofi
852 1705 1083 1746 laudarunt.
1143 1706 1344 1748 Ponamus
1363 1720 1453 1749 mo-

69 1764 123 1804 do
154 1763 258 1803 illud
287 1761 484 1817 Scaligeri
512 1763 639 1817 patris
669 1763 782 1804 Poe't.
805 1766 850 1810 6,
869 1776 886 1811 ς
925 1777 963 1817 p.
984 1775 1043 1809 32¹
1076 1764 1292 1805 Maximus
1320 1764 1451 1806 Porta

73 1819 336 1868 ammanus,
350 1819 440 1874 solo
471 1825 716 1873 argumento
747 1818 990 1874 ignobiliore
1017 1818 1230 1875 opprcffics,
1258 1820 1374 1862 addit
1402 1821 1451 1864 de

66 1879 253 1931 ingenio,
284 1883 481 1932 quantum
510 1877 610 1933 deest
636 1879 842 1925 materioe,
869 1877 948 1919 διε.
1005 1877 1196 1932 Magnam
1225 1879 1311 1921 vim
1336 1879 1449 1922 testi-

68 1937 303 1976 moniorum
333 1933 528 1988 congessit
550 1935 766 1982 Barthius,
793 1935 864 1989 qui
888 1934 1155 1975 vehementer
1182 1934 1300 1977 illum
1318 1938 1447 1978 admi-

67 2000 183 2033 ratus
202 1991 281 2040 est,
308 2006 386 2032 nec
405 1993 541 2032 minus
571 1990 789 2046 magnifice
819 1991 870 2031 de
897 1992 970 2032 illo
999 1990 1115 2032 senfit
1128 1993 1223 2044 Nic.
1243 1992 1444 2037 Heinfius.

67 2048 149 2090 Sed
177 2050 371 2104 propius,
397 2063 496 2104 age,
524 2049 627 2090 illud
655 2047 967 2090 confideremus.
1025 2047 1206 2090 Maxima
1231 2051 1296 2091 vis
1324 2052 1444 2107 inge-

65 2106 126 2147 nii
146 2108 188 2147 in
208 2106 366 2161 pictura
388 2107 456 2147 illa
475 2106 636 2154 elucet,
665 2120 743 2162 qua
765 2111 902 2160 po'e'tae
923 2105 1138 2147 censentur
1157 2120 1241 2148 non
1259 2109 1444 2150 immeri-

67 2171 126 2204 to.
196 2165 282 2205 Hac
309 2177 407 2205 vero
437 2165 496 2204 ita
524 2165 635 2206 valet
655 2163 814 2211 noster,
844 2170 893 2204 ut
921 2164 1089 2219 optimis
1119 2165 1346 2222 quibusque
1375 2167 1443 2209 vel

67 2222 295 2275 comparari
318 2219 456 2276 poffit,
485 2221 553 2261 vel
581 2221 768 2276 praeferri
796 2221 955 2262 debeat.
1012 2221 1124 2269 Juvit
1149 2222 1270 2264 illum
1298 2223 1375 2265 hac
1398 2226 1443 2266 in

65 2292 112 2319 re
131 2284 243 2319 tanta
266 2292 403 2321 rerum
420 2279 680 2326 naturalium,
708 2285 858 2334 quanta
874 2284 963 2319 tum
985 2277 1064 2319 effe
1085 2285 1261 2333 poterat,
1297 2283 1444 2336 cogni-

67 2337 152 2383 tio,
191 2349 282 2390 quae
320 2335 600 2377 inexhaustam
630 2337 721 2376 viro
749 2336 975 2391 imaginum
1011 2334 1054 2376 &
1091 2339 1444 2391 comparationum

63 2393 226 2446 copiam
245 2393 529 2448 suppeditaret.
585 2393 688 2434 Haec
710 2395 753 2434 in
773 2393 847 2434 illo
867 2399 978 2434 tanta
998 2392 1098 2441 fuit,
1125 2402 1174 2434 ut
1201 2395 1370 2436 modum
1390 2396 1441 2437 il-

65 2450 148 2491 lius
173 2450 322 2490 habere
350 2449 516 2491 difficile
546 2449 668 2498 esset,
706 2464 801 2492 cum
827 2450 1043 2491 accederet
1070 2451 1295 2505 praesertim
1321 2452 1442 2508 inge-

64 2507 182 2547 nium
212 2508 414 2561 patrium,
453 2507 563 2563 quod
590 2507 921 2550 Alexandrinum
955 2508 1080 2549 etiam
1108 2509 1152 2548 in
1182 2509 1273 2550 aliis
1302 2510 1456 2553 dicere*

796 2579 820 2606 a
850 2579 876 2614 4
1315 2566 1444 2618 solew,

89 2627 142 2708 ε’)
167 2628 250 2662 Non
272 2627 402 2676 semper
421 2638 535 2666 tamen
557 2630 635 2668 saris
654 2632 712 2669 hic
731 2640 905 2668 attentum
922 2631 1035 2675 fuiffe,
1058 2631 1242 2669 verisimile
1258 2632 1323 2670 est:
1338 2634 1438 2670 ·v.G

65 2684 84 2711 2
124 2701 133 2716 ,
158 2683 232 2719 ¹79»
