1612 2948
236 120 290 167 64

538 115 626 159 CL.
656 114 1039 158 CLAUDIANI
1098 115 1141 161 V

148 226 219 266 370
255 214 429 257 Nuntiat
449 214 690 255 incolumes.
723 213 797 260 illi,
820 213 917 254 dum
938 214 1113 267 plurima
1135 212 1232 256 ficto

265 289 461 331 Certatim
481 289 666 328 sermone
689 294 847 342 petunt,
867 289 1090 328 extendere
1107 290 1257 344 longos

254 365 293 407 A
316 372 434 419 tergo
457 363 591 404 flexus
612 362 895 417 insperatoque
913 363 1095 417 suprema

261 438 446 479 Circuitu
467 436 619 477 sociare
643 443 809 491 parant:
836 436 1067 477 decrescere
1089 451 1255 492 campus

260 502 436 564 inscipit,
458 508 500 550 &
520 509 665 563 clipeis
686 510 728 548 in
749 508 789 548 se
812 509 1022 549 redeuntia
1034 508 1189 562 junEtis

143 592 210 636 375
267 582 403 623 Curvo
424 582 620 637 paulatim
638 580 845 622 sinuantur
866 593 1017 622 cornua
1037 582 1173 622 duetu.

258 655 325 697 Sic
351 657 453 711 ligat
480 656 673 697 immensa
696 657 851 696 virides
869 654 1061 709 indagine
1081 655 1204 696 saltus

252 731 453 774 Venator.
483 730 535 771 fic
555 731 751 772 attonitos
773 731 822 771 ad
840 731 960 771 litora
979 730 1107 784 pisces

258 804 494 859 AEquoreus
513 803 731 857 populator
753 803 859 857 agit,
879 815 1072 858 rarosque
1093 802 1307 857 plagarum

259 879 476 921 Contrahit
498 877 716 925 anfrafms,
737 878 780 919 &
801 878 961 919 hiantes
982 879 1142 933 colligit
1163 891 1269 919 oras.

140 962 208 1002 580
256 953 494 999 Excludunt
518 952 634 992 alios.
664 953 776 1006 cingi
806 952 845 991 se
865 951 1048 993 fervidus
1072 952 1143 992 ille

250 1028 391 1069 Nescit
401 1027 545 1075 adhuc,
568 1027 830 1080 graviterque
843 1027 1037 1081 apprensa
1059 1027 1167 1068 veste
1190 1034 1419 1068 morantem

241 1102 437 1154 Increpat
457 1100 711 1155 Augustum:
741 1100 901 1140 scandat
919 1100 1086 1141 sublime
1107 1101 1309 1141 tribunal:

249 1176 397 1217 Partici
405 1189 499 1229 pem
518 1176 678 1230 sceptri,
698 1175 851 1215 socium
873 1175 1052 1216 declaret
1069 1175 1252 1216 honoris.

249 1250 354 1293 Cum
374 1250 503 1291 subito
525 1249 732 1304 stringunt
752 1250 923 1304 gladios,
947 1264 1029 1290 vox
1049 1250 1218 1304 desuper
1240 1251 1388 1305 ingens

135 1333 197 1376 383

133 1544 185 1578 37¹
210 1533 387 1568 intendere
412 1535 473 1567 vul
472 1545 505 1577 g.

179 1580 253 1615 ind.
272 1579 375 1613 saltus
397 1581 464 1623 Bas.
483 1590 584 1621 marg.
604 1578 701 1611 silvas
723 1581 814 1622 vulg.

617 1541 677 1575 372
703 1533 883 1577 amplexus
906 1533 994 1576 vulg.

250 1323 493 1367 Infremuit:
522 1321 684 1372 „Nobis
704 1324 850 1372 etmm,
873 1325 1089 1373 teterrime,
1110 1323 1225 1364 uobis

1425 1395 1525 1450 Spe-

1107 1533 1171 1574 376
1206 1530 1352 1566 immissa
1378 1535 1529 1568 Venetos

903 1584 967 1619 380
992 1577 1073 1621 angi
1094 1580 1168 1611 MS.
1190 1581 1337 1612 coaluere
1355 1580 1384 1613 C
1401 1579 1435 1616 ἐς
1455 1581 1479 1613 Ι.

355 1631 418 1667 385
441 1624 626 1658 deterrime
643 1626 685 1657 al.
707 1623 881 1658 teterrime
900 1623 1022 1657 volebat
1041 1635 1077 1656 ex
1095 1625 1170 1657 MS.
1188 1625 1305 1668 Heius.

179 1737 237 1770 372
260 1729 409 1771 Suprema
427 1725 460 1760 h.
484 1736 511 1760 e.
533 1733 693 1759 extrema.
739 1726 811 1758 Co-

134 1774 284 1819 gitemus
302 1773 428 1805 lineam
447 1770 683 1812 transversam,
701 1771 808 1804 velut

132 1818 337 1853 ta&ic01·l11n
364 1829 458 1851 more
477 1817 662 1861 loquamur
681 1817 806 1860 jugum

132 1865 290 1908 longum.
359 1862 483 1896 Versus
521 1861 671 1896 mediam
711 1862 805 1895 illius

131 1919 266 1955 partem
296 1908 427 1942 accedit
444 1906 605 1941 Rufinus.
672 1907 804 1941 Milites

134 1953 177 1988 ab
198 1964 344 1998 utraque
367 1962 464 1998 parte
491 1952 608 1986 seusun
635 1953 751 1997 primo
771 1951 800 1985 se

134 1999 314 2033 infle&unt
344 2000 380 2032 in
405 2009 523 2032 amum
550 1997 588 2032 δε
612 1998 801 2031 excludunt

133 2045 418 2078 multitudinem:
449 2053 525 2077 tum
551 2042 664 2077 subito
692 2053 803 2076 extre-

134 2090 200 2123 mis
238 2101 256 2123 a
292 2090 410 2122 dextra
445 2088 643 2133 sinistraque
673 2092 801 2122 coeun-

134 2133 227 2168 tibus
257 2133 437 2168 absolvunt
462 2134 634 2168 circulum
654 2145 802 2178 eumque

133 2179 313 2213 densandis
331 2178 512 2213 ordinibus
533 2179 574 2212 ad
596 2179 711 2212 minus
740 2179 805 2212 mi-

133 2236 269 2269 nusque
295 2223 442 2269 spatium
471 2224 647 2269 redigunt,
672 2225 711 2257 in
730 2235 799 2268 quo

132 2269 313 2305 conclusus
349 2270 418 2313 jain
446 2269 592 2303 Rufinus
620 2269 799 2312 (Zosimus

134 2326 166 2358 ς,
186 2326 204 2358 7
228 2316 461 2356 ἀπολαβόντες
481 2319 510 2347 ἐν
531 2316 642 2360 μέσῳ)
671 2314 799 2359 effuge-

133 2372 170 2395 re
190 2361 286 2395 nullo
308 2360 412 2394 modo
432 2359 550 2404 potest.

177 2421 240 2464 376
265 2419 367 2455 Conf.
385 2419 472 2455 diua
493 2420 535 2454 ad
558 2426 627 2462 148.

177 2482 244 2517 380
267 2475 421 2508 Fervidus
447 2472 492 2508 est
511 2473 658 2508 Rufinus
689 2474 800 2508 studio

132 2519 333 2565 perficiendi
354 2520 525 2565 cogitata,
546 2519 581 2553 δι
601 2520 722 2564 plenus
745 2520 801 2553 sua

131 2565 400 2610 magnitudine,
442 2567 541 2608 cujiis
574 2565 678 2599 modo
710 2564 801 2598 fasti-

131 2611 228 2655 gium
257 2609 444 2655 exspe&at‚
477 2621 546 2646 non
575 2610 672 2644 sentit
702 2610 730 2644 se
761 2612 798 2644 in

132 2654 307 2700 angustias
337 2656 459 2702 redigi.

175 2718 426 2761 381.Appreufit
455 2715 536 2759 veste
564 2714 694 2749 indicat
718 2714 797 2750 hinc

855 1722 1008 1758 studium
1033 1723 1151 1758 Rufini
1165 1753 1173 1766 ,
1194 1724 1274 1759 hinc
1295 1735 1400 1769 quam
1421 1723 1521 1759 fami-

851 1769 985 1802 liariter
1003 1781 1040 1803 ae
1068 1779 1202 1803 tantum
1230 1781 1298 1803 non
1318 1771 1521 1804 contemtim

851 1814 994 1848 tracs’care
1009 1814 1208 1859 Augustum
1227 1814 1345 1849 solitus
1365 1815 1413 1849 sit.
1436 1817 1521 1849 Cer-

851 1868 883 1893 te
923 1859 965 1892 de
1007 1861 1157 1894 Claudio
1197 1862 1383 1895 Suetonius
1422 1873 1451 1895 c.
1482 1870 1519 1902 15

849 1906 924 1938 adeo
942 1908 1104 1947 caufidicos
1120 1907 1280 1950 patientia
1300 1908 1382 1940 illius
1400 1909 1519 1951 abusbs,

844 1959 881 1983 ut
907 1952 1140 1994 descendentem
1159 1963 1173 1985 e
1191 1953 1347 1986 tribunali
1367 1964 1432 1985 non
1450 1965 1518 1986 mo-

843 1996 882 2029 do
901 2008 974 2029 voce
992 2006 1186 2038 revocarent,
1202 1999 1259 2040 scd
1281 1998 1315 2034 ὅ
1334 1999 1452 2031 lacinia
1469 2007 1519 2031 to·

842 2053 894 2085 gae
913 2050 1045 2083 retenta,
1068 2044 1230 2076 interdum
1248 2043 1327 2087 pede
1345 2045 1517 2087 apprehen-

838 2089 875 2130 Jb
894 2087 1083 2121 detinerent.

893 2138 951 2172 382
980 2133 1137 2166 Tribunal
1158 2131 1316 2177 intelligo
1337 2141 1514 2178 extempo-

846 2177 909 2210 tali
931 2177 1082 2210 militum
1096 2188 1198 2222 opera
1211 2176 1409 2223 congestum
1432 2190 1515 2212 ece-

842 2222 927 2266 spite
938 2221 1184 2267 lapidibusque
1196 2234 1222 2257 e.
1234 2223 1256 2256 i.
1271 2233 1337 2267 g.a.
1348 2223 1441 2257 unde
1453 2223 1514 2257 sd-

841 2267 972 2300 locutio
1001 2268 1214 2301 commodior
1239 2268 1280 2301 ad
1314 2268 1514 2302 multitudi-

843 2323 932 2345 nem.
1003 2313 1231 2357 Praerogativa
1260 2314 1511 2357 Imperatorum

845 2367 915 2390 crat
943 2357 989 2390 ita
1013 2369 1076 2401 pro
1095 2356 1261 2391 tribunali
1282 2359 1422 2403 adloqui
1445 2361 1513 2393 mi-

841 2403 929 2436 lites.
974 2402 1054 2438 Vid.
1083 2404 1225 2438 omnino
1256 2403 1438 2448 Spanhein.
1468 2404 1513 2439 de

843 2450 883 2482 V.
902 2459 930 2481 e.
951 2449 985 2481 P.
1008 2450 1052 2481 N.
1073 2447 1150 2482 diff.
1165 2459 1194 2490 ¹3
1225 2459 1259 2492 p.
1273 2450 1337 2491 627
1367 2449 1413 2494 sq.
1445 2448 1509 2484 ubi

843 2493 878 2525 in
900 2493 1013 2526 numis
1032 2493 1191 2538 frequens
1213 2493 1272 2528 illa
1303 2505 1323 2527 Α
1337 2505 1359 2528 n
1373 2506 1392 2528 ι.
1412 2505 1433 2529 o
1446 2506 1467 2528 c
1484 2505 1505 2528 υ

845 2548 868 2571 τ
882 2549 891 2570 1
905 2549 925 2571 o
946 2537 1145 2572 illustratur.

887 2589 948 2624 384
973 2585 1114 2628 Desuper
1130 2593 1188 2618 aut
1210 2583 1355 2629 positum
1377 2595 1439 2630 pro
1457 2585 1508 2619 in-

832 2629 947 2671 super,
977 2638 1035 2661 aut
1062 2630 1225 2674 cogitawt
1256 2633 1356 2675 poeta
1382 2630 1509 2664 clamo-

844 2683 914 2705 rem
936 2673 1053 2707 altum.
1101 2678 1131 2708 It
1148 2678 1264 2708 clamor
1282 2678 1365 2715 caelo,
1380 2675 1509 2710 &inde

843 2718 934 2761 quali
947 2719 1068 2753 recidit
1089 2721 1125 2754 in
1144 2730 1235 2762 eum,
1255 2731 1357 2765 quem
1369 2729 1481 2755 terret.
