1612 2948
316 109 389 152 IN
416 109 602 151 PROB.
631 108 715 151 ET
744 109 934 152 OLYB.
963 109 1134 154 CONS

1330 127 1369 163 ¹3

186 205 333 248 Talem
362 207 474 247 nulla
508 207 634 248 refert
656 208 834 263 antiquis
868 210 1018 265 pagina
1045 209 1174 261 libris,

177 281 264 322 Nec
285 281 411 321 Latiae
440 282 629 322 cecinere
660 283 792 330 tubae,
827 278 907 324 'nec
927 282 1075 324 Graeca
1101 283 1303 326 vetustas:

177 354 362 408 Conjuge
393 354 516 409 digna
537 354 692 395 Probo:
718 369 810 396 nam
834 363 994 396 tantum
1011 357 1188 398 coetibus
1208 357 1339 400 exstat

69 437 147 465 200
177 427 408 478 femineis,
439 434 637 481 quantum
671 428 943 482 supereminet
963 429 1034 469 ille
1054 431 1249 471 maritos:

174 499 262 540 Ceu
282 499 352 540 fibi
376 508 581 542 certantes
603 502 722 541 sexus
745 502 841 555 quid
865 500 982 556 possit
1003 510 1174 558 uterque

180 570 299 613 Hunc
326 573 465 626 legere
487 573 667 613 thorum.
696 580 829 614 taceat
857 573 1033 614 Nereida
1061 581 1230 628 nuptam

175 646 340 695 Pelion,
369 650 522 703 duplici
544 649 781 690 foeeundam
806 647 980 690 Consule
1003 657 1188 697 matrem,

177 723 442 778 Felicemque
465 732 651 771 uterum,
679 725 748 778 qui
779 725 948 764 nomina
978 726 1151 778 parturit
1169 726 1311 770 annis:

62 810 133 845 205
173 798 232 841 Vt
254 799 455 854 sceptrum
477 798 630 854 gefl'ere
655 812 803 846 manu,
829 799 1100 853 membrisque
1132 801 1314 855 rigentes

171 873 379 926 Aptavere
398 879 515 927 togas
531 902 542 920 ‚
580 871 738 927 signum
765 872 833 912 dat
855 871 1034 912 summus
1062 872 1199 914 hiulca

177 944 297 986 Nube
318 952 458 1000 pater,
489 952 727 999 gratamque
750 944 882 985 facem
904 958 977 999 per
996 946 1118 985 inane
1137 951 1323 987 rotantes

174 1016 366 1072 Prospera
387 1019 534 1058 vibrati
554 1025 778 1059 tonuerunt
809 1019 948 1058 omina
974 1019 1114 1059 nimbi.

176 1091 351 1145 Accepit
371 1091 525 1132 sonitus
556 1093 692 1132 curvis
716 1091 938 1132 Tiberinus
970 1092 1012 1131 in
1031 1093 1173 1139 antris,

62 1175 132 1202 210
177 1163 265 1204 Ima
289 1164 395 1204 valle
414 1164 577 1214 sedens,
606 1163 850 1219 arreftisqwe
875 1164 1039 1205 auribus
1072 1163 1200 1211 haefit,

170 1237 289 1281 Vnde
308 1239 549 1292 repentinus
570 1239 666 1278 coeli
688 1238 838 1293 fragor.
867 1239 982 1278 ilicet
1008 1237 1146 1278 herb1s

179 1312 384 1353 Pallentes
405 1313 626 1358 thalamos,
656 1312 697 1354 &
719 1312 868 1354 strufita
889 1312 1039 1354 cubilia
1063 1313 1201 1354 musco

176 1389 358 1437 Deserit,
389 1403 434 1430 ac
458 1389 666 1445 Nymphis
696 1403 838 1430 urnam
860 1391 1120 1430 commendat
1148 1389 1336 1431 herilem.

179 1464 246 1504 Illi
277 1462 420 1517 glauca
438 1463 573 1503 nitent
603 1463 758 1504 hirsuto
787 1463 942 1503 lumina
970 1463 1102 1510 vultu,

62 1547 131 1585 215
180 1536 379 1577 Caeruleis
401 1536 552 1578 infefta
574 1539 707 1585 notis,
743 1537 954 1577 reddentia
983 1544 1141 1591 patrem

180 1609 417 1650 Oceanum:
448 1609 578 1664 crispo
602 1609 788 1650 densatur
820 1610 1004 1665 gramine
1038 1609 1156 1650 colla.

65 1805 124 1844 198
164 1800 271 1834 Grata
308 1802 350 1834 al.

1275 1683 1448 1728 Vertice

443 1811 605 1843 201-204
635 1802 764 1844 Defimt
798 1802 834 1834 in
865 1802 1025 1845 plerisque
1055 1801 1153 1835 MSS.
1189 1800 1224 1836 ii?
1261 1801 1297 1833 in
1329 1800 1447 1843 primis

63 1847 155 1878 editt.
175 1848 268 1889 usque
294 1847 334 1879 ad
362 1847 451 1888 Rafil.
470 1850 576 1890 quales
604 1848 655 1880 hic
668 1849 760 1890 sunt,
786 1847 938 1880 debentur
963 1848 1122 1881 Cla‘nexio.

1177 1851 1242 1884 208
1263 1854 1449 1878 tenuerunt

64 1891 178 1924 omni-a
203 1892 263 1934 pri.
285 1893 374 1926 editt.
395 1898 580 1925 tenuerunt
600 1893 963 1926 eziamBartb.Verhum
983 1901 1099 1925 tonare
1119 1892 1170 1924 hic
1186 1891 1324 1931 illustrat
1334 1891 1448 1932 Heius:

66 1945 113 1969 211
131 1946 189 1980 pro
219 1936 294 1969 coeli
317 1938 397 1979 qnod
425 1939 512 1970 dedit
531 1950 566 1970 ex
586 1940 658 1971 MS.
681 1940 798 1981 Heius.
819 1938 940 1982 populi
963 1939 1052 1981 vulg.
1074 1938 1158 1972 vnde
1175 1936 1285 1977 conjic.
1304 1934 1448 1980 scopuli.

243 1991 298 2016 212
309 1981 498 2026 squalentes
517 1984 596 2024 conj.
615 1985 729 2026 Heius

797 1992 846 2024 2¹3
865 1983 1042 2016 dominam
1069 1993 1156 2016 com.
1176 1984 1267 2026 vulg.

563 2028 621 2063 216
642 2027 826 2062 densantur
848 2031 939 2073 vulg.

64 2129 180 2173 givam
201 2129 373 2172 junonem
393 2130 557 2175 insignem
582 2141 651 2164 non
670 2132 735 2164 mi·

65 2185 130 2207 nus
149 2186 253 2218 quam
277 2184 348 2208 erat
376 2176 563 2221 Olympius
586 2177 735 2221 Jupiter,

65 2228 124 2252 aut
154 2220 263 2253 Pallas
282 2220 410 2254 Attica.
664 2253 667 2256 ,

110 2275 170 2307 203
196 2267 306 2300 Pelion
328 2277 449 2300 nemus
474 2268 608 2310 (πήλιον
635 2265 732 2313 ὅρος)

64 2310 101 2343 in
122 2321 190 2354 quo
216 2310 392 2345 celebratae
421 2313 549 2357 nuptiae
568 2312 736 2347 Theridos

65 2356 168 2433 Νῗῖεἰ
186 2357 222 2390 F.
249 2356 284 2391 δι
303 2357 413 2399 Pelei,
442 2369 528 2403 quas
557 2359 647 2392 canit
667 2360 735 2393 Ca-

64 2409 102 2434 tu
134 2412 185 2434 us.

110 2456 175 2486 205
200 2449 375 2492 Sceptrum,
395 2447 676 2491 eburnumillud,
697 2448 748 2483 inv

65 2503 135 2536 quo
165 2491 296 2527 summo
325 2495 461 2538 aquila:
483 2496 624 2539 rigentes·
652 2505 732 2538 toga·

66 2536 109 2570 ab
137 2548 220 2571 auro
240 2539 369 2573 inulto:
394 2541 546 2585 rigorem
575 2540 732 2574 indicant

63 2582 165 2615 etiam
194 2583 359 2627 imagines
391 2586 427 2618 in
459 2585 667 2631 Diptychis,
695 2587 731 2620 ὃς

65 2629 227 2662 nummis.
250 2629 329 2663 Vid.
352 2630 393 2664 ad
412 2641 442 2673 7,
462 2641 489 2673 3.

110 2683 163 2708 212
194 2676 345 2710 Pallentes
363 2676 475 2722 pingit
493 2676 642 2712 colorem
653 2677 732 2710 her-

783 2130 905 2165 barum
926 2142 944 2164 a
964 2130 1076 2165 nimio
1104 2128 1249 2165 humore
1266 2128 1449 2164 *flauescen—

778 2177 878 2210 tium.

824 2232 877 2264 2¹3
906 2224 1028 2256 Urnam
1047 2232 1151 2266 quam
1172 2220 1242 2266 ipse
1260 2219 1451 2254 Tiberinus

779 2277 875 2312 pater
894 2267 979 2301 alias
1005 2266 1128 2309 habet,
1157 2267 1193 2300 ἃ
1220 2267 1302 2300 inde
1321 2277 1448 2311 aquam

775 2312 842 2347 fuis
862 2324 941 2347 cum
968 2312 1118 2358 piscibus
1143 2312 1313 2353 effundit,
1341 2311 1451 2344 tradit

776 2359 907 2392 interea
946 2358 1134 2392 curandam
1165 2357 1361 2402 Nymphis,
1407 2367 1450 2388 ne

776 2402 877 2437 cesset
895 2415 990 2448 aquae
1009 2404 1133 2437 fluxus.
1157 2403 1201 2437 cf.
1220 2414 1250 2445 3,
1265 2413 1329 2445 ¹34·
1375 2404 1447 2436 Do-

777 2451 899 2484 minam
920 2451 1069 2491 herilem,
1099 2449 1195 2494 quod
1226 2447 1350 2493 probat
1368 2449 1451 2480 Bar-

777 2494 893 2537 thius,
923 2495 1027 2528 nimis
1055 2494 1271 2536 ταυτολῦγον
1297 2493 1451 2533 videtur,

778 2552 838 2574 nec
859 2539 1022 2574 sententia
1041 2540 1088 2573 sat
1110 2539 1213 2574 bonu.
1258 2539 1375 2572 Nimis
1393 2548 1451 2571 ze-

774 2586 917 2632 lotypus
948 2586 1000 2619 vel
1027 2584 1248 2619 meticulosus
1269 2583 1375 2618 fuerit
1391 2583 1453 2617 Ti-

775 2629 929 2672 berinus,
950 2630 1080 2664 finiam
1101 2629 1196 2663 suam
1217 2631 1306 2663 nolit
1325 2629 1455 2663 admo-

776 2687 932 2711 mentum
956 2677 1170 2721 relinquere:
1196 2674 1251 2708 sed
1270 2685 1366 2708 urnae
1385 2676 1452 2709 alin

776 2733 876 2757 ratio.
