1612 2948
130 140 252 183 XXX
347 138 381 183 Ι.
408 140 463 182 Μ.
495 138 788 182 GESNERI
843 139 1343 185 PROL'EGOMENA

298 238 434 280 filiarii
448 236 775 292 Guelferbytani,
800 241 914 286 cujus
937 237 1166 279 humanitas
1190 238 1233 281 &
1251 241 1425 281 virtutes
1441 253 1506 282 re-

299 297 423 351 liquae
444 296 668 349 poeticam,
704 308 783 348 qua
810 293 879 334 suo
910 297 1056 337 merito
1077 295 1222 344 floret,
1252 297 1412 337 laudern
1433 299 1506 338 ob-

294 354 475 399 scurant,
506 359 618 391 certe
642 363 694 390 ne
717 365 763 390 ea
784 351 991 392 censeatur
1012 352 1180 394 faciunt.
1234 354 1386 395 Habuit
1405 354 1507 395 illud

301 410 384 465 30.
413 408 506 450 Alb.
537 406 769 448 Fabricius:
800 408 843 449 &
860 417 953 449 ante
976 409 1083 451 hunc
1108 410 1397 465 lWarquardus
1420 411 1506 451 Gu-

299 467 391 507 dms
407 496 416 509 ,
446 466 515 520 qui
537 478 659 505 manu
678 464 758 512 sua,
788 465 924 520 (si-epe
944 467 1045 507 mihi
1069 466 1148 507 visa
1169 481 1263 508 cum
1284 468 1507 512 Vinarien-

297 525 379 565 sem
395 522 692 563 Bibliothecam
713 523 919 576 curarem)
948 522 1154 578 inscripsit,
1182 525 1507 566 DonumEmzm-

300 582 342 622 di
380 579 531 619 Riverii
557 578 647 620 ICtz'
674 578 974 633 Aurelianensts
1003 580 1056 621 A.
1088 580 1142 621 J).
1177 582 1254 622 III
1268 582 1362 623 Eid.
1397 583 1507 626 Maii

299 636 535 683 MDCLXI,
566 650 647 690 quo
670 650 777 676 anno
807 636 920 677 fuisse
949 639 992 677 in
1021 636 1153 678 Gallia
1176 637 1377 687 Gudium‚
1408 653 1506 680 con-

292 695 389 737 stat.
418 707 511 735 cum
533 694 656 733 etiam
672 694 798 734 edidit
817 693 970 735 Parifiis
991 694 1210 750 Hippolyti
1231 696 1280 736 de
1293 697 1507 737 Antichri-

299 752 358 793 sto
389 750 586 792 libellum.
646 750 847 792 Praeterea
884 753 1005 792 etiam
1038 752 1115 791 hoc
1147 751 1297 806 scripfit
1317 755 1358 793 in
1378 755 1509 808 prima

299 811 451 864 pagina
477 808 570 849 libri
600 806 781 849 Gudiusz
816 809 888 850 Ex
916 807 1167 849 Bibliotheca
1194 809 1357 863 {Jacobi
1389 810 1509 863 Cuju-

301 867 374 913 cii,
405 865 475 921 qui
497 864 634 920 paffim
652 864 734 919 sua
764 878 886 906 manu
916 865 1097 907 leffiones
1132 867 1331 920 quasdam
1359 866 1510 922 adscri-

295 923 384 979 pfit.
443 923 506 963 Ex
531 920 719 962 auffione
731 921 914 964 Gudiana
935 924 1062 977 igitur
1079 925 1268 978 pervenit
1287 938 1380 965 cum
1402 925 1507 965 mul-

297 982 352 1023 tis
385 981 474 1020 aliis
505 980 554 1019 ad
579 980 835 1020 Fabricium:
875 980 1011 1035 estque
1042 980 1120 1020 hoc
1152 980 1252 1022 illud
1283 982 1411 1036 ipsum
1433 996 1508 1022 ex-

301 1039 505 1091 emplum,
536 1038 585 1075 de
614 1050 694 1090 quo
717 1037 759 1076 in
787 1037 1028 1090 praefatione
1052 1037 1286 1091 posterioris
1314 1040 1507 1080 editionis

297 1093 508 1140 Heinsius:
547 1093 837 1148 „Marquardus
865 1108 1026 1149 quoque
1051 1092 1211 1135 Gudius
1241 1095 1376 1136 noster
1408 1093 1508 1136 Ism-

294 1152 521 1206 „grinianae
536 1151 708 1190 editioni
726 1149 925 1191 leffiones
941 1153 1071 1192 varias
1090 1166 1112 1191 a
1131 1150 1351 1193 colle&ore
1371 1154 1507 1193 incer-

298 1217 370 1258 „to
408 1207 625 1260 adscriptas
660 1209 1001 1256 communicavit,
1049 1209 1158 1262 quod
1186 1211 1396 1264 exemplar
1424 1209 1508 1258 Jac-

297 1265 480 1318 „Cujaeii
502 1265 603 1304 olim
624 1264 739 1305 fuisse
759 1265 981 1306 dicebatur.
1037 1264 1116 1306 Sed
1137 1274 1333 1322 excerpta
1355 1266 1444 1307 haec
1466 1267 1509 1307 &

293 1323 447 1372 „serius
482 1322 619 1375 paullo
652 1322 700 1361 ad
733 1336 797 1362 me
829 1323 984 1376 perlata
1013 1322 1126 1370 sunt,
1157 1336 1250 1364 cum
1280 1324 1347 1364 sub
1378 1324 1508 1379 praelo

298 1381 408 1435 „jam
424 1378 605 1418 ferveret
616 1377 863 1420 Claudianus
884 1379 1030 1426 noster,
1052 1387 1097 1420 ut
1110 1387 1296 1421 accurate
1309 1395 1356 1420 ea
1367 1381 1509 1422 excuti

295 1437 395 1487 „vix
415 1437 637 1490 potuerint.
656 1435 824 1490 &supra
846 1437 1009 1477 codices
1031 1437 1227 1491 plebejos‚
1246 1446 1292 1478 ut
1312 1439 1419 1493 quod
1442 1450 1510 1478 res

297 1493 383 1542 „est
404 1494 538 1533 dicam
555 1492 659 1533 nihii
682 1493 817 1547 sapere
838 1503 908 1534 aut
927 1494 1128 1535 ostentare
1148 1496 1382 1536 videbatur:
1414 1508 1509 1536 cum

294 1553 370 1600 „de
386 1551 435 1590 iis
448 1550 669 1605 plurimum
682 1550 783 1591 mihi
805 1550 1095 1605 promisfifl'em‚
1119 1552 1246 1606 probe
1256 1553 1507 1600 recordatus,

296 1621 446 1664 „quam
467 1606 663 1661 exquisita
684 1620 885 1663 quamque
914 1609 1108 1663 praeclara
1132 1609 1280 1650 horum
1313 1610 1507 1664 pleraque

295 1664 451 1716 „essent
477 1664 765 1712 existimanda,
795 1679 885 1720 quae
908 1680 960 1706 ex
990 1665 1148 1707 schedis
1170 1666 1396 1721 Cujaeianis
1416 1667 1508 1709 Cla-

294 1723 462 1771 „verius
485 1723 526 1761 in
549 1721 913 1763 animadverfiones
928 1723 1014 1763 suas
1037 1723 1316 1771 contulisset‚‚.
1346 1724 1507 1773 Quibus

296 1780 475 1836 placebit
500 1779 655 1820 nostras
681 1780 730 1819 de
753 1779 964 1822 Varietate
994 1779 1186 1821 ieffionis
1219 1783 1506 1822 annotationes

293 1850 558 1893 percurrere,
595 1836 857 1889 judicabunt,
905 1851 955 1877 an
986 1839 1105 1892 plane
1131 1839 1236 1879 nihil
1266 1839 1332 1879 hic
1368 1839 1507 1886 fuerit,

299 1895 409 1950 quod
431 1893 615 1949 prodefl'e
633 1895 755 1934 etiam
775 1894 862 1948 post
883 1894 1137 1935 Heinfianam
1161 1896 1428 1950 diligentiam,
1451 1894 1506 1943 &‚

302 1952 412 2007 quod
449 1952 577 2006 majus
616 1951 694 1999 est,
732 1953 946 2006 ingenium
974 1952 1255 2001 Heinfianum,
1285 1953 1505 1995 Claudiano

333 2010 499 2049 otuerit.

132 2073 266 2119 *1548.
299 2023 349 2105 ipz.
409 2065 598 2119 Lugduni
635 2065 742 2118 apud
775 2063 864 2105 Seb.
895 2063 1143 2120 Gryphium.
1202 2065 1330 2106 Penes
1369 2067 1504 2117 Ampl.

245 2124 428 2168 Durium
440 2123 711 2162 Hmmoveroe.
770 2120 963 2176 Sequitur
984 2124 1181 2163 ordinem.
1204 2124 1271 2176 qui
1292 2123 1349 2164 est
1371 2125 1409 2163 in
1432 2124 1507 2164 Ba-

246 2178 423 2222 fileenfi:
447 2180 622 2232 negligit
634 2179 897 2231 marginalem
914 2179 1031 2233 hujus
1043 2181 1361 2220 annotationem.
1385 2181 1506 2220 Lem-

243 2254 309 2279 ma
337 2251 377 2277 n.
399 2251 449 2284 49
489 2238 536 2276 de
563 2235 722 2288 Aponis
752 2234 918 2275 thermis
947 2250 1148 2291 nusquam
1177 2237 1399 2284 obserxari,
1433 2237 1506 2283 nist

244 2298 287 2338 in
311 2295 373 2335 his
394 2294 561 2336 duabus.
615 2291 693 2333 Sed
715 2305 753 2332 n.
768 2301 827 2340 48·
845 2305 890 2340 54
919 2293 1062 2344 Sousia,
1091 2294 1197 2348 quod
1221 2295 1382 2336 ssafileae
1401 2293 1505 2349 pofi-

245 2360 335 2394 turn
357 2352 398 2392 in
419 2353 623 2405 margine,
650 2351 691 2390 in
711 2356 829 2390 textu
852 2349 972 2391 habet
992 2349 1242 2405 Gryphinna.

131 2413 260 2463 *¹572
293 2415 345 2448 16.
405 2408 465 2449 Cl.
499 2408 763 2453 Claudianus,
800 2406 959 2447 Theod.
998 2408 1207 2448 Pulmanni
1240 2408 1506 2464 Craneburgii

246 2467 459 2521 diligentia
479 2466 521 2507 &
541 2464 620 2504 fide
642 2465 791 2504 summa
823 2478 845 2503 e.
863 2463 1029 2505 vetustis
1051 2466 1258 2506 codicibus
1281 2467 1504 2507 restitutus,

248 2526 490 2578 Antverpiae
512 2537 563 2562 ex
585 2520 749 2561 officina
771 2520 1051 2575 Christop'nori
1074 2523 1246 2563 Plantini
1272 2537 1364 2573 ¹57¹·
1419 2523 1504 2564 Pri-

241 2597 306 2623 ma
333 2583 423 2622 haec
447 2581 657 2621 Pulmanni
684 2579 828 2624 editio,
859 2580 966 2633 quod
992 2580 1111 2620 docet
1140 2581 1304 2633 epistola
1336 2579 1505 2635 praefixa

244 2641 313 2680 cui
349 2641 436 2679 dies
469 2638 688 2690 adscriptus
710 2635 771 2678 VI
794 2635 880 2676 Kal.
903 2635 989 2682 Jnn.
1015 2638 1063 2677 A.
1086 2649 1177 2677 cm.
1196 2650 1248 2677 πῖ).
1266 2653 1365 2678 Lxx.
1418 2638 1503 2678 Pri-

247 2696 392 2751 vilegii
424 2703 543 2736 tenor
569 2694 690 2734 habet
724 2705 771 2732 22
803 2693 1001 2735 Novemb.
1031 2693 1087 2735 M.
1108 2694 1157 2734 D.
1174 2694 1333 2736 LXXI:
1361 2695 1505 2735 ultima

481 2779 493 2800 ε
1389 2753 1504 2807 Pagi·

486 2800 508 2816 b
