1612 2948
361 116 400 157 D
412 117 445 157 E
475 116 574 158 ΠΗ.

639 116 820 159 CONS.
859 117 1093 162 HONOR

1322 135 1384 172 ης

87 225 152 263 595
199 212 433 255 Traxerunt
467 212 605 254 solidae
636 227 886 269 gemmarum
917 215 1083 257 stamina
1111 216 1242 258 telae?

202 289 321 331 Invia-
348 289 438 344 quis
469 289 588 329 calidi
619 289 815 330 scrutatus
854 290 991 345 stagna
1020 291 1211 346 profundi

201 365 394 420 Tethyos
423 363 567 405 invafit
596 365 832 419 gremium?
886 368 977 421 quis
1006 368 1143 408 divitis
1171 369 1276 424 algae

205 438 402 481 Germina
430 439 649 494 flagrantes
680 441 788 481 inter
818 440 1001 495 quaefivit
1021 442 1196 483 arenas?

203 513 308 562 Quis
336 513 477 566 junxit
505 514 661 568 lapides
693 513 835 554 ostro‘.2
874 516 965 568 quis
994 515 1154 556 miscuit
1182 518 1302 570 ignes

88 594 166 632 600
203 588 362 630 Sidonii
389 590 584 645 rubrique
613 590 767 631 maris?
805 591 984 631 tribuere
1014 593 1195 632 colorem

197 655 441 712 Phoenices,
480 664 600 706 Seres
630 658 876 712 subtr-minzi,
925 667 1085 720 pondus
1112 667 1337 721 Hydaspes.

196 737 288 780 Hoc
326 737 356 778 fi
393 739 590 778 Maeonias
628 736 766 779 cinFtu
813 738 1029 792 graderere
1065 752 1139 792 per
1167 740 1302 787 urbes,

200 813 250 854 In
273 818 314 853 te
344 814 584 867 pampineos
614 811 855 853 transferret
896 812 1030 868 Lydia
1062 813 1239 869 thyrsos,

198 885 249 927 In
276 892 319 926 te
344 884 456 940 Nysa
483 885 649 926 choros.
681 884 923 926 dubitassent
953 887 1082 940 Orgia
1111 886 1262 927 Bacchi

85 961 158 1009 605
194 958 271 1002 Cui
298 959 495 1002 furerent.
525 961 635 1002 irent
663 960 820 1002 blandae
848 960 918 1003 sub
948 962 1112 1003 vincula
1139 962 1282 1017 tigres.

78 1039 130 1054 --o

134 1132 204 1167 602
242 1131 445 1179 Maeonidae
473 1134 576 1168 MSS.
622 1131 723 1168 vultu
750 1133 792 1167 al.
837 1131 936 1168 cultu
964 1133 1005 1166 al.

156 1208 160 1212 -
219 1189 421 1224 transferret
447 1192 564 1236 Heius,
582 1203 618 1225 ex
635 1192 737 1225 MSS.
758 1191 828 1233 Bas.
845 1202 949 1235 marg.

1355 1035 1471 1078 Talis

1087 1127 1155 1174 603
1188 1131 1355 1176 proferret
1383 1134 1425 1167 al.

1041 1187 1111 1233 604
1134 1189 1335 1224 dubitarent·

600 1250 670 1293 Bas}
705 1251 787 1292 quod
804 1251 920 1294 placet.

85 1335 157 1376 eis,
196 1333 305 1368 aureis
324 1361 333 1375 ,
379 1334 641 1378 argenteisque,
679 1342 755 1367 tum

84 1381 234 1424 gemmis
255 1390 414 1423 quoque,
447 1379 493 1412 ita
514 1377 676 1413 omnibus
703 1380 757 1412 in-

89 1435 141 1458 ter
159 1425 190 1458 se-
210 1424 337 1468 junetis
359 1433 466 1457 artata
487 1424 523 1458 &
541 1423 756 1466 condensata,

86 1479 128 1505 ut
147 1470 291 1514 speciem
314 1468 507 1515 praebeant,
535 1469 632 1513 ‘quasi
662 1481 757 1514 gem-

89 1526 226 1549 marum
247 1515 350 1548 etiam
369 1514 438 1548 filis
466 1514 685 1558 trajeetarum
713 1514 758 1548 li-

86 1571 160 1594 neae
197 1559 240 1594 ad
267 1560 410 1594 modum
445 1560 590 1594 aliorum
618 1559 757 1594 filorum

89 1607 155 1639 vel'
167 1616 229 1650 pro
243 1605 383 1638 stamine
402 1606 410 1638 i
417 1615 547 1647 ntenta,
568 1604 624 1638 vel
643 1605 757 1639 subte-

87 1651 198 1685 minis
218 1651 322 1683 instar
335 1651 472 1694 trajeaa
484 1651 518 1684 δι
531 1650 664 1695 Ρεξὶίηε
675 1651 758 1684 den-

84 1695 157 1731 sata
176 1695 292 1729 essent.
317 1698 451 1740 Nempe
461 1697 601 1737 stamina
620 1695 675 1729 hie
687 1707 757 1729 non

90 1741 236 1787 propria
258 1740 316 1774 illa
348 1741 596 1785 fignificatione
622 1744 758 1786 ponun-

89 1796 147 1821 tur
160 1815 169 1828 ,
199 1786 241 1820 de
262 1785 331 1820 filis
352 1785 623 1828 robustioribus,
657 1786 757 1820 vehe-

88 1832 243 1866 mentius
263 1832 384 1873 tortis,
412 1833 447 1865 in
479 1832 625 1876 longum
643 1843 762 1877 porre-

89 1877 175 1919 ἂίε,
204 1878 292 1910 inter
324 1889 398 1922 quae
426 1876 611 1910 subtemen
631 1877 760 1911 traiici-

90 1931 168 1964 tur;
191 1921 245 1955 sed
268 1923 319 1956 uti
343 1922 463 1956 multis
484 1923 569 1957 locis
591 1922 680 1965 aliis,
702 1922 761 1957 fila

89 1967 289 2013 simpliciter
314 1977 447 2001 notant.
575 1985 578 1989 ·

144 2013 212 2057 596
238 2015 382 2048 Calidum
403 2012 490 2046 forte
508 2012 596 2046 dicit
616 2011 760 2057 profun-

90 2057 199 2100 dum,
224 2059 319 2103 quod
343 2057 576 2092 subterraneos
589 2059 686 2103 ignes
697 2057 760 2092 sta-

91 2106 182 2138 tuit:
211 2103 304 2137 unde
322 2102 443 2138 fluetus
456 2131 465 2144 ,
504 2103 671 2145 turbines,
690 2115 761 2138 ma-

94 2150 143 2193 ris
163 2159 328 2193 terraeque
347 2159 462 2183 motus
483 2149 568 2184 adeo
579 2147 757 2184 arcessunt.

139 2204 202 2239 597
233 2196 348 2237 Thetys
369 2196 472 2228 maris
494 2197 568 2228 Dea
585 2194 712 2229 servare
723 2195 761 2228 fi-

91 2238 131 2273 bi
150 2240 287 2273 videtur
298 2239 385 2274 velle
399 2241 644 2284 pretiosissimas
659 2251 761 2285 quas-

92 2296 160 2328 que
180 2296 331 2330 gemmas
339 2299 351 2327 f:
377 2286 467 2319 unde
478 2287 554 2319 illas
566 2297 682 2319 eruere
694 2285 761 2320 dif-

94 2329 184 2363 ficile
203 2329 263 2364 estu·
305 2333 449 2376 Algam,
476 2343 544 2376 qua
565 2331 654 2364 nihil
676 2332 759 2366 alias

93 2375 198 2409 vilius
211 2398 233 2418 ,κ
250 2376 402 2420 epitheto
420 2388 534 2421 auget,
560 2387 600 2410 ut
630 2377 759 2411 intelli-

121 2431 216 2456 amus
235 2421 455 2456 eiectamenta
475 2422 617 2467 quidem
642 2423 760 2465 maris,

107 2465 148 2498 ed
170 2464 298 2509 quibus
318 2467 465 2511 pretium
492 2467 611 2503 fecerit
638 2467 758 2502 huma-

94 2521 140 2544 na
161 2510 347 2546 estimatio.
415 2513 520 2560 Qod
558 2523 672 2547 autem
695 2516 755 2558 fla-

91 2566 223 2600 grantes
251 2557 336 2590 inter
364 2569 476 2592 arenas
496 2562 658 2603 quaefitum
695 2560 757 2601 ait,

93 2601 182 2635 illud
204 2600 305 2642 facit,
331 2612 370 2636 ut
398 2604 570 2638 curalium
598 2604 620 2639 s.
648 2605 758 2639 coral-

93 2646 180 2680 lium
202 2646 351 2692 intelligi
373 2648 431 2682 vix
458 2649 576 2694 poffit,
615 2650 658 2683 de
685 2662 757 2695 quo

94 2691 272 2727 constabat
290 2693 403 2727 Plinio
421 2703 459 2737 32
472 2722 481 2738 2
497 2705 516 2731 a
534 2694 555 2730 s.
576 2706 603 2731 11
629 2695 666 2731 in
683 2696 756 2742 ipso

801 1333 887 1367 mari
917 1333 1041 1378 plantae
1073 1331 1179 1366 instar
1211 1334 1367 1378 genitum
1391 1334 1472 1369 inde

800 1378 910 1424 eripi,
940 1389 1008 1413 non
1028 1378 1126 1422 ejici,
1157 1378 1192 1412 &
1212 1379 1335 1412 melius
1356 1380 1469 1413 inlta-

799 1424 867 1458 liae
885 1423 1079 1467 Galliaeque
1110 1422 1272 1458 litoribus
1301 1424 1471 1466 inveniri,

801 1480 905 1514 quam
945 1469 983 1503 in
1022 1467 1144 1503 Rubro
1186 1469 1360 1504 Perficoue
1398 1481 1469 1504 ma-

799 1516 829 1549 ri
849 1516 915 1549 &a

848 1570 914 1605 599
939 1559 1077 1604 Lapides
1096 1561 1277 1604 iunguntur
1304 1560 1399 1602 ostro:
1426 1559 1471 1594 ad

801 1606 945 1640 eandem
965 1604 1088 1639 vestem
1107 1605 1318 1639 consularem
1347 1616 1470 1651 paran-

802 1652 882 1684 dam
901 1651 1143 1698 hinc‘gemmae
1161 1663 1177 1684 e
1193 1651 1352 1692 met-allis,
1375 1651 1409 1685 &
1421 1652 1471 1684 la·

803 1695 980 1742 picidinis‚
999 1694 1079 1729 hinc
1091 1695 1306 1729 ostrearums.
1323 1695 1473 1730 concha·

802 1752 879 1775 rum
900 1740 1039 1786 sanguis
1053 1753 1070 1775 e
1091 1740 1176 1774 mari
1197 1741 1336 1786 petitur.
1376 1744 1471 1786 Ignes

803 1787 917 1832 posuit
938 1797 1002 1831 pro
1021 1786 1263 1820 radiislucidis
1284 1786 1319 1819 ἃ
1340 1787 1471 1821 colora·

804 1833 849 1867 tis
869 1843 1092 1877 gemmarum.
1159 1831 1342 1866 Sidonium
1366 1842 1470 1874 mare,

806 1877 848 1911 ad
860 1877 954 1922 quod
973 1878 1092 1911 colunt
1102 1877 1292 1919 Phoenices,
1310 1877 1369 1911 dat
1388 1889 1471 1922 pur-

805 1935 908 1968 puras
923 1951 931 1964 ‚
975 1933 1188 1967 gemmarum
1231 1922 1324 1956 ferax
1359 1922 1470 1966 India,

804 1970 904 2012 cujus
929 1968 1057 2002 flumen
1092 1968 1282 2013 Hydaspes.

850 2013 922 2056 604
945 2016 1051 2057 Nyfixs
1085 2016 1147 2048 XII
1187 2022 1364 2047 enumerat
1397 2014 1470 2047 Ste-

803 2058 941 2104 phanus
975 2061 1056 2106 Byz.
1100 2059 1347 2104 Antiquissima
1381 2057 1471 2093 forte

805 2103 977 2147 Arabica,
1005 2104 1098 2142 unde
1119 2116 1234 2140 ortum
1255 2105 1376 2139 volunt
1388 2103 1470 2139 Bac'-

805 2151 920 2185 chum.
966 2150 1032 2185 Sed
1054 2151 1089 2185 ἃ
1107 2151 1281 2192 Indicam,
1308 2149 1470 2195 Lydiam-

805 2207 871 2241 que
888 2196 924 2230 ὃτ
941 2197 1093 2240 reliquas
1113 2196 1202 2231 forte
1220 2206 1339 2230 omnes
1361 2206 1377 2228 a
1398 2195 1468 2240 pri-

805 2252 862 2276 ma
882 2242 942 2275 illa
962 2242 998 2276 δε
1022 2242 1116 2276 velut
1146 2242 1330 2286 archetypa
1356 2241 1469 2275 eidem

805 2287 880 2322 Deo
899 2286 1005 2321 sacras
1026 2286 1124 2321 fuisse
1137 2285 1318 2333 probabile
1330 2285 1385 2320 est.
1398 2288 1464 2320 Or-

825 2332 949 2367 insunt
977 2337 1006 2367 οἱ
1028 2333 1260 2376 ὀργιάζοντες,
1291 2342 1331 2366 ut
1365 2332 1470 2365 mini-

813 2378 900 2412 teria
918 2377 1158 2413 ministrantes.
1203 2377 1379 2412 Honorius
1390 2388 1470 2410 cum

802 2434 926 2458 ornatu
951 2424 1012 2458 suo
1036 2424 1204 2458 consulari
1232 2424 1253 2457 fi
1282 2422 1472 2456 interveni-

802 2479 853 2503 ret
872 2469 962 2504 sacra
981 2469 1103 2504 Bacchi
1123 2481 1203 2509 cum
1231 2465 1469 2503 enthusiastico

801 2513 918 2549 furore
949 2513 1206 2549 celebrantibus
1233 2543 1242 2556 ‚
1277 2511 1470 2547 dubitatio-

801 2572 879 2594 nem
901 2561 1057 2594 iniiceret
1077 2561 1113 2595 δε
1143 2560 1196 2593 his
1209 2587 1217 2601 ,
1263 2559 1298 2593 δε
1316 2555 1468 2603 tigribus

802 2607 868 2641 ὅτε.
912 2607 984 2640 Has
1005 2617 1084 2640 mox
1103 2615 1201 2639 voc-at
1223 2606 1348 2649 Caspias
1375 2601 1468 2647 (Ca-

793 2653 867 2696 spia
886 2653 980 2694 colla)
997 2663 1014 2685 a
1026 2651 1136 2696 patria
1156 2650 1331 2697 Hyrcania
1343 2648 1385 2684 ad
1397 2656 1469 2683 ma-

801 2708 838 2731 re
864 2696 1040 2744 Caspium.
