1612 2948
147 91 272 138 XXII
357 93 392 136 Ι.
422 92 477 136 Μ.
511 91 803 136 GESNERI
859 92 1367 160 PROLEGQMENA
1448 56 1451 58 -

371 191 442 245 fibi
481 192 626 232 Habere
654 192 757 232 alios
788 191 986 239 voluerit,
1017 193 1086 247 qui
1119 193 1185 232 vel
1220 192 1438 247 probarent:
1462 192 1532 233 illa

377 258 630 359 cornmeista,
671 250 740 290 vel
775 248 880 289 serio
919 257 1218 305 oppugnarent.
1285 250 1318 291 I.
1347 250 1403 290 Μ.
1432 249 1532 291 Ges-

377 320 513 345 HCUGS.

181 425 230 470 E.
292 426 699 468 CLAUDIANI
746 424 1052 467 OPERUM
1091 420 1530 468 VERSIONES‘
1611 456 1612 471 2

732 537 756 557 a
813 520 973 560 Italica.

159 606 258 656 1716.
288 608 320 643 8.
379 600 418 640 le
443 601 580 654 Opere
600 601 777 642 tradotte
800 601 841 640 in
865 599 981 643 Verfi
1008 600 1160 648 sciolti,
1189 603 1240 643 ed
1265 600 1482 642 arricchite
1500 601 1540 642 di

273 657 430 697 erudito
457 659 732 699 Annotazioni
757 658 807 698 da
826 657 973 699 Nicola
991 658 1204 713 Beregani.
1261 658 1450 703 Venezia
1467 672 1541 714 pet

271 715 299 756 1‘
329 714 431 755 ΕΠΖ
461 715 506 757 Β.
538 715 620 756 Sm.

661 772 805 812 eadem
835 777 1046 825 comparet

273 829 317 871 in
358 844 530 883 corpore
571 829 684 869 Po'e't.
723 829 810 870 Lat.
849 842 948 870 cum
991 828 1092 870 vers.
1131 828 1223 870 Ital.
1254 827 1424 870 Mediol.
1453 838 1543 881 1731..

330 886 409 928 To.
421 887 495 929 XI.
509 887 605 929 XII.
621 887 743 928 XIII.
1534 902 1538 905 ¹

716 998 745 1039 β
797 992 991 1046 Anglica.

165 1086 269 1127 1628.
298 1094 337 1131 4.
362 1082 617 1180 6C1audian‚
661 1083 884 1125 translated
931 1083 990 1137 by
1026 1080 1073 1122 L.
1109 1080 1281 1138 Digges.
1334 1081 1444 1124 Harl.
1486 1080 1551 1124 ΙΙΙ

282 1153 322 1195 p.
339 1152 356 1187 3
388 1153 419 1187 ς.

287 1269 323 1312 F
384 1268 879 1312 CLAUDJANJ
962 1248 1430 1309 CARMJNUM

603 1339 1115 1385 VERSJONES

736 1471 762 1492 οι
820 1453 978 1495 Groeca.

173 1551 274 1598 1619.
304 1559 343 1595 4.
404 1543 465 1586 Cl.
489 1542 698 1585 Claudiani
721 1543 771 1583 de
792 1540 1035 1594 Amphionii
1058 1538 1101 1580 &
1121 1539 1272 1593 Anapii
1291 1539 1460 1582 fratrum
1479 1540 1555 1582 sta-

284 1604 392 1646 tuis,
421 1602 463 1644 &
493 1603 531 1641 in
554 1600 765 1656 Sphaeram
789 1598 1048 1640 Archimedis
1075 1596 1398 1651 Epigrammata,
1427 1606 1558 1638 meta-

282 1657 415 1714 phrafi
445 1659 615 1699 metrica
651 1657 797 1698 Graeca
830 1656 927 1697 Fed.
958 1654 1122 1695 More-lli
1154 1653 1423 1695 Profefforum
1452 1656 1556 1710 Reg.

285 1717 440 1760 Decani
460 1716 616 1757 reddita
639 1713 797 1756 Parifiis
821 1727 873 1753 ex
897 1721 1062 1767 typogr.
1088 1710 1121 1758 J.
1135 1710 1287 1753 Libert.
1318 1711 1363 1753 C.
1378 1712 1422 1753 B.
1437 1713 1484 1753 R.
1498 1726 1558 1754 aa.

739 1827 769 1870 β
830 1821 996 1864 Italicae.

177 1928 268 1969 1553.
297 1925 330 1962 8.
389 1919 421 1960 il
452 1925 559 1960 ratto
581 1918 620 1959 di
641 1916 900 1970 Proserpina,
934 1913 1116 1959 tradotto
1145 1913 1188 1953 in
1217 1911 1320 1953 verfi
1350 1913 1479 1955 sciolti
1509 1915 1559 1957 da

288 1975 407 2016 Livio
441 1974 605 2017 Sanuto.
663 1974 814 2028 (senza
849 1973 975 2026 luogo
1008 1985 1030 2011 e
1051 1983 1174 2011 nome
1205 1970 1246 2010 di
1267 1968 1560 2026 Stampatore.)

295 2033 339 2073 Β.
371 2032 452 2073 Sm.
1211 2071 1213 2073 .

179 2092 276 2136 1586.
310 2105 347 2136 4.
409 2090 436 2129 il
470 2097 576 2130 fatto
601 2090 641 2129 di
664 2088 902 2141 Proserpina
934 2085 1113 2126 tradotto
1144 2084 1187 2124 in
1215 2089 1353 2124 ottava
1384 2086 1484 2125 rima
1510 2086 1561 2126 da

293 2146 385 2187 Gio.
417 2147 647 2186 Domenico
676 2145 924 2198 Bevilacqua
951 2142 1030 2184 &c-
1069 2143 1114 2182 in
1146 2141 1331 2181 Palermo
1363 2155 1436 2196 per
1464 2141 1559 2184 Gio.

293 2203 326 2244 F
331 2217 437 2243 rane.
475 2204 653 2244 Carrara.
685 2202 809 2255 Capp.

184 2262 287 2307 ¹684·
315 2259 345 2300 f.
400 2274 495 2300 cum
528 2260 681 2299 Latinis
714 2258 1027 2300 Commentariis
1055 2256 1148 2297 Nic.
1174 2253 1283 2296 Biffii
1309 2256 1416 2296 edita
1437 2257 1560 2297 etiam

292 2324 432 2359 textus
455 2318 497 2356 in
521 2317 687 2358 Italicos
712 2314 847 2355 versus
872 2314 1098 2354 translatio.
1185 2351 1190 2355 .

187 2386 287 2424 17¹⁴·
318 2384 350 2419 8.
409 2374 439 2413 il
461 2375 689 2427 rapimento
708 2373 748 2413 di
762 2372 996 2425 Proserpina
1018 2370 1196 2411 tradotto
1227 2370 1293 2422 (in
1318 2368 1418 2409 verfi
1442 2370 1560 2411 sciol-

300 2430 365 2485 ti)
404 2429 452 2471 da
487 2430 768 2472 Marcantonio
806 2428 997 2470 Cinuzzi.
1034 2425 1157 2469 siena
1198 2440 1271 2482 per
1312 2427 1342 2468 il
1381 2428 1560 2469 Bonetti.

297 2488 342 2528 Β.
371 2485 452 2527 Sm.

185 2542 214 2585 s.
235 2557 270 2585 a.
288 2559 330 2643 4ῤ
356 2544 621 2644 ὀᾴεΠΟΗῖῑῖο
649 2544 691 2587 di
712 2543 950 2599 Proserpina
979 2542 1024 2584 in
1055 2539 1157 2583 verss
1179 2539 1311 2583 sciolti
1329 2541 1394 2583 del
1414 2541 1560 2584 Barbo.

332 2616 353 2642 a
383 2614 448 2644 ov.
517 2615 536 2643 s
567 2630 579 2641 .

1463 2691 1559 2739 ¹536-
