1612 2948
96 133 179 175 XII
276 129 718 175 1.M.GESNER1
774 130 1294 173 PROLEGOMENA

94 232 200 270 tanis
215 231 281 270 nol
288 231 328 271 ui
349 230 455 271 ultra
466 230 681 283 negotium
699 226 890 268 facefl'ere
902 228 1218 270 Bibliothecario
1230 226 1478 270 Sereniffimi

96 288 226 329 Ducis
244 317 253 335 ,
283 288 473 342 Hugoni,
503 289 590 327 viro
611 284 954 338 praestantiffimo,
983 286 1051 340 qui
1079 286 1223 326 lubens
1249 286 1478 340 volensque

95 344 176 386 hoc
209 346 331 391 mihi,
374 345 511 385 vetulo
533 342 714 388 doctori,
750 341 958 383 didaGhon
988 343 1264 396 persoluturus
1292 350 1399 389 erat,
1429 350 1478 383 ut

97 415 242 443 omnes
277 401 509 447 Claudiani,
539 413 630 454 quae
658 399 747 440 sunt
779 401 822 439 in
854 400 937 440 illis
968 399 1188 447 thesauris,
1220 401 1477 441 membranas

97 474 188 500 mea
218 460 333 500 causa
367 473 461 499 cum
496 456 721 511 pulvisculo
741 464 967 497 excuteret.
1054 458 1337 499 Animadverti
1366 457 1480 498 enim

96 518 140 558 in
173 518 258 563 his,
298 530 399 571 quae
429 516 498 555 ille
535 515 769 568 speciminis
793 514 906 554 causa
935 514 1115 561 miserat,
1146 515 1188 554 in
1218 523 1386 556 centurn
1414 514 1478 554 lo-

99 575 183 622 cis,
223 575 294 628 qui
323 572 525 614 diversum
553 572 705 626 aliquid
733 572 781 612 ab
812 570 1026 612 Heinfiana
1061 570 1238 612 leffione
1266 573 1479 618 haberent,

97 633 169 672 vix
192 645 319 671 unum
342 631 595 684 alterumque
617 627 695 669 esse
708 658 718 677 ,
748 630 865 670 cuius
886 643 969 669 non
991 629 1155 669 aliunde
1176 630 1386 670 observata
1406 642 1477 669 va-

97 690 221 729 rietas
233 687 342 735 ell'et,
365 702 416 728 ne
431 701 560 728 unum
579 686 685 727 forte
706 687 813 726 unde
838 687 983 728 melior
1004 685 1094 726 fieri
1113 699 1196 727 uno
1219 688 1332 741 apice
1357 685 1479 727 Clau-

96 747 242 786 dianus
265 759 329 785 me
348 747 484 800 judice
506 743 646 798 posset.
707 744 838 798 Igitur
860 758 987 799 pauca
1009 746 1058 784 de
1079 744 1160 784 illis
1181 744 1303 785 retuli
1323 743 1479 797 (maxi-

97 818 164 844 me
195 803 245 843 ad
264 816 354 842 n.21
385 801 513 855 ἕως)
543 802 693 842 laboris
726 810 865 841 autem
888 803 1035 856 reliqui
1063 802 1235 855 gratiam
1266 801 1346 841 feci
1373 801 1480 847 viro,

97 862 164 916 qui
187 861 334 900 melius
359 859 402 901 ἃ
424 860 566 913 majori
599 873 688 901 cum
713 859 863 899 decore
884 858 927 900 <Sc
949 860 1230 899 emolumento
1254 858 1481 904 literarum,

97 918 301 958 collocare
324 918 449 958 bonas
475 917 593 956 horas
620 915 748 970 poffit.
808 916 1001 957 Ceterum
1024 931 1072 957 ea
1103 917 1145 956 in
1171 917 1314 970 primis
1335 928 1479 955 exem-

96 976 225 1029 pluria
249 976 363 1030 typis
389 972 571 1028 expreffa
593 974 812 1028 diligenter
836 974 1016 1022 contuli,
1045 987 1136 1029 quae
1158 987 1251 1014 cum
1267 973 1367 1013 olim
1392 971 1479 1026 jam

98 1047 186 1072 rara
214 1033 391 1078 fuerint,
421 1039 555 1072 metus
586 1031 664 1076 est,
695 1045 747 1070 ne
777 1031 987 1085 paullatim
1019 1033 1138 1085 plane
1168 1031 1395 1076 intereant,
1432 1034 1479 1069 ut

98 1090 394 1136 Vicentinum,
422 1087 657 1131 Viennense
681 1088 903 1133 Camertis‚
934 1087 977 1129 &
1003 1087 1223 1129 Basileense
1244 1085 1478 1141 Ifingrinii:

97 1148 175 1188 hoc
206 1156 356 1201 praeter
383 1153 538 1191 cetera,
569 1158 683 1192 cum,
714 1146 764 1185 ob
801 1145 1020 1198 adscriptas
1043 1145 1218 1199 margini
1247 1145 1479 1189 varietates,

96 1218 195 1259 quas
232 1205 444 1244 brevitatis
473 1201 589 1243 causa
618 1215 761 1242 omnes
784 1200 897 1257 figno
922 1201 1229 1255 Cujacianaruin
1249 1201 1390 1242 notavi
1419 1198 1478 1252 *)‚

97 1269 186 1302 tuin
209 1275 275 1301 eas
299 1274 475 1316 quoque,
505 1273 604 1314 quas
624 1260 909 1314 typographus
931 1260 1184 1313 apposuerat,
1215 1267 1352 1299 tamen
1371 1269 1479 1298 nun-

98 1333 218 1374 quam
240 1317 337 1359 esser
360 1317 647 1358 dimittendum
668 1331 719 1356 ex
743 1316 886 1356 oculis.
945 1317 1050 1365 Quae
1073 1331 1168 1357 cum
1192 1317 1247 1356 ita
1276 1314 1374 1361 fint,
1406 1313 1479 1354 ha-

96 1377 251 1418 bebunt
274 1382 387 1416 certe
417 1375 485 1415 hic
508 1375 654 1419 etiarn,
686 1373 730 1413 in
760 1373 907 1414 nostris
942 1374 1265 1427 exemplaribus,
1295 1370 1406 1413 dotti
1436 1369 1480 1413 &

97 1433 297 1487 ingeniosi
318 1433 506 1473 homines
529 1431 671 1485 hylen,
690 1431 731 1470 in
746 1443 822 1485 qua
836 1430 1156 1472 emendatricem
1169 1429 1478 1471 divinatricem-

98 1506 179 1546 que
201 1492 311 1531 illam
324 1490 517 1531 Criticam
537 1495 769 1534 exerceant,
799 1489 841 1527 in
861 1501 938 1542 qua
960 1502 1041 1527 non
1055 1489 1230 1529 multum
1251 1486 1480 1528 desiderent

97 1548 308 1603 operosam
337 1548 481 1601 (quam
509 1546 678 1587 minime
697 1544 796 1585 alias
817 1546 1062 1600 contemno)
1092 1544 1343 1600 singulorum
1363 1543 1478 1585 codi-

97 1621 193 1649 cum
216 1606 521 1648 indicationem,

178 1739 297 1783 VIII.
326 1739 404 1780 Hic
434 1739 552 1781 locus
583 1737 641 1780 est
670 1735 892 1779 univerfim
924 1736 1077 1792 aliquid
1106 1736 1156 1776 de
1178 1735 1391 1778 Varietate
1417 1734 1478 1775 le-

97 1796 248 1839 {tionis
268 1796 502 1839 Claudianae
523 1796 762 1850 disputandi.
818 1796 912 1837 Non
935 1795 992 1835 est
1012 1795 1082 1835 illa
1107 1794 1286 1847 semper,
1316 1806 1368 1832 ne
1388 1791 1476 1847 ple-

97 1868 273 1910 rumque
295 1856 459 1909 quidem
473 1884 483 1902 ,
513 1854 632 1908 plane
654 1853 873 1893 monstrosa
894 1852 935 1893 &
957 1853 1048 1892 talis
1062 1880 1072 1898 ,
1112 1863 1203 1906 quae
1235 1849 1389 1904 stupori
1416 1855 1486 1890 at-
1538 1899 1546 1910 ἱ

97 1926 177 1966 que
209 1913 452 1966 ignorantiae
489 1911 556 1951 vel
588 1909 728 1951 somno
757 1911 1017 1951 librariorum
1049 1909 1267 1948 debeatur:
1298 1907 1363 1947 sed
1388 1906 1478 1960 ple-

97 1983 270 2024 rumque
304 1970 608 2010 emendatorem
637 1968 775 2021 potius
801 1967 908 2013 olet,
946 1973 993 2007 ut
1021 1965 1218 2019 suspicer,
1259 1971 1330 2005 aut
1359 1962 1478 2004 fuisse

97 2026 200 2067 olim
222 2026 396 2067 Codices
418 2027 588 2066 duarum
610 2025 842 2079 pluriumve
863 2021 983 2077 ipfius
999 2029 1132 2078 poe'tae
1152 2020 1478 2078 praeleffionum‚

96 2090 168 2124 aut
201 2092 313 2124 certe
344 2082 515 2124 voluisse
545 2082 712 2123 subinde
746 2081 1032 2135 descriptores,
1071 2094 1154 2120 non
1188 2078 1480 2125 mercenarios,

96 2141 166 2182 sed
199 2141 269 2195 qui
299 2139 369 2181 fibi
406 2141 574 2180 codices
598 2146 805 2192 pararent,
833 2140 875 2178 in
895 2151 998 2192 quos
1020 2137 1112 2191 plus
1132 2135 1201 2177 fibi
1219 2136 1322 2188 juris
1344 2135 1477 2175 sume-

96 2205 192 2239 rent
214 2197 390 2243 scilicet,
421 2197 552 2251 (quod
576 2196 743 2237 Catonis
771 2194 815 2236 ὅτ.
834 2195 1003 2235 Palladii
1032 2194 1161 2235 fatum
1193 2190 1334 2238 fuiffe‚
1359 2192 1478 2239 mihi,

95 2267 191 2297 ante
221 2254 298 2295 hos
324 2255 471 2308 viginti
499 2255 653 2308 aliquot
681 2266 811 2292 annos
844 2253 885 2292 in
918 2252 999 2292 illis
1031 2251 1225 2295 versanti,
1263 2248 1477 2304 liquebat)

99 2313 215 2354 velut
235 2313 392 2367 ingenii
414 2321 619 2352 certamen
643 2323 737 2350 cum
762 2313 882 2362 po'e‘ta
908 2309 1033 2356 inire,
1062 2307 1104 2349 &
1123 2307 1328 2362 quomodo
1348 2307 1478 2346 varia·-

94 2372 132 2411 ri
151 2368 280 2424 posset
299 2370 442 2415 oratio,
471 2369 694 2409 ostendere.
754 2365 999 2419 Speciminis
1022 2365 1136 2406 causa
1161 2363 1239 2406 esse
1261 2362 1391 2417 potest
1412 2364 1477 2403 in-

93 2427 222 2481 fignis
243 2426 316 2467 illa
337 2427 511 2467 varietas
532 2423 734 2479 proposita
758 2436 814 2470 10,
835 2435 873 2473 7.
932 2421 1010 2464 Sed
1041 2424 1175 2477 placet
1198 2421 1264 2462 hic
1295 2420 1477 2475 pluscula

94 2485 211 2527 velut
235 2497 310 2539 per
340 2483 500 2524 lancem
526 2484 700 2524 saturam
730 2493 982 2535 proponere,
1013 2494 1104 2535 quae
1133 2492 1217 2520 non
1247 2478 1372 2521 modo
1392 2478 1477 2576 1pb-

1409 2548 1476 2576 er-

97 2646 171 2727 &')
195 2643 296 2679 Conf.
310 2655 385 2691 quae
404 2644 446 2678 de
465 2643 519 2679 his
541 2640 643 2678 libris
665 2642 824 2678 dicentur
845 2641 971 2678 horum
991 2639 1124 2685 proleg.
1150 2649 1182 2674 n.
1197 2640 1260 2674 ΧΠ
1279 2639 1322 2675 ad
1339 2639 1472 2681 A.1510

161 2700 245 2735 1534.
