1612 2948
453 85 535 129 IN
591 82 1154 129 CLAUDIANUM.
1322 86 1491 132 XXVII

279 198 431 228 nomen
449 183 642 224 desidero.
699 184 788 226 Nec
808 184 975 224 memini
998 182 1095 223 alias
1110 196 1176 223 me
1197 182 1408 225 observare
1421 186 1489 226 ad-

281 240 422 284 duftas
442 242 485 282 in
509 242 727 282 Barthiano
750 242 1044 282 commentario
1064 238 1264 284 leffiones
1277 239 1491 284 Viennen-

278 298 329 340 fis
365 299 559 347 editionis
591 300 789 352 proprias.
884 297 1079 341 Nicolaus
1109 298 1275 352 quidem
1302 297 1491 340 Heinsius

281 357 490 398 candidius
510 358 567 396 ita
596 355 732 410 (praef.
757 356 852 396 edit.
875 355 1009 410 post.*
1042 354 1154 409 p-16)
1216 354 1325 408 Vidi,
1352 354 1400 398 Εἰ
1423 357 1493 410 qui

281 412 500 454 laudarent
518 413 721 465 exemplar
740 426 767 454 a
790 413 970 454 Camarte
992 412 1244 467 castigatum,
1275 412 1495 467 quoa-lsra-

267 471 362 526 stra
389 470 546 525 quast-ni
567 468 768 516 Ιιαὶἷσιιιις,
796 471 858 510 uti
879 469 928 512 69³
947 469 994 510 de
1011 469 1058 524 se
1083 469 1254 525 instatur
1274 470 1492 511 Bai-tlalus.

279 528 345 570 Eo
365 528 491 582 igitur
514 528 722 568 lubentius
742 527 836 570 feci,
865 536 910 568 ut
931 528 1150 581 diligenter
1173 528 1413 568 varietatem
1433 528 1494 568 le-

282 584 432 626 {tionis
453 583 698 628 Viennensis
720 591 943 624 enotarem.
1001 585 1055 625 Et
1075 592 1213 625 tamen
1234 598 1320 625 non
1355 586 1409 624 ita
1433 586 1494 625 di-

281 643 461 697 ligenter
492 643 532 683 id
560 657 582 682 a
613 656 677 682 me
705 640 857 682 fafitum
887 640 1040 688 fateor,
1069 650 1115 682 ut
1136 656 1221 682 non
1250 641 1419 683 relittus
1448 641 1495 684 fit

282 699 494 755 spicilegio
518 699 643 740 locus.
694 699 806 740 'Nam
839 699 889 738 de
919 699 1010 738 aliis
1035 712 1087 738 ne
1113 699 1266 747 dicam,
1294 698 1402 741 forte
1435 699 1496 740 se-

284 770 382 798 cure
413 757 534 797 nimis
565 754 805 810 praetermisi
825 755 971 796 ultima
1003 756 1142 809 operis
1164 756 1275 796 folia.
1334 757 1497 812 Nempe

284 829 308 854 a
337 828 430 869 pag.
452 819 488 860 6,
512 827 540 859 1,
565 814 602 852 b.
633 811 836 854 habentur
860 812 1045 859 Erram,
1075 810 1157 852 five
1180 820 1226 853 ut
1259 813 1343 867 ipse
1377 822 1498 856 vocat

284 872 425 926 commis
452 884 464 910 z
495 871 601 911 inter
628 867 936 922 imprimendum
955 867 1140 923 defefflIS.
1199 869 1250 911 In
1269 869 1334 910 his
1361 871 1499 925 postea

282 927 533 982 deprehendi
555 926 809 981 conjesturas
831 925 874 968 &
895 927 1204 969 emendationes
1226 940 1277 966 ex
1303 927 1413 968 MSS.
1435 930 1499 969 in-

280 983 438 1040 figues,
468 985 614 1039 quibus
637 984 882 1038 posteriores
902 982 959 1025 usi
983 985 1096 1031 sunt,
1127 985 1235 1038 quod
1260 984 1309 1024 de
1334 983 1499 1039 Ifingri-

281 1044 355 1083 nio
384 1042 517 1084 statim
540 1041 797 1089 ostendetur,
827 1041 869 1082 iu
890 1041 1053 1082 easdem
1081 1049 1192 1082 certe
1214 1040 1414 1083 leffiones
1435 1044 1500 1083 in-

284 1100 484 1140 ciderunt.
539 1098 690 1139 Utrum
711 1099 896 1154 quaedam
916 1100 971 1139 ibi
991 1098 1089 1146 fint,
1114 1100 1261 1153 quibus
1282 1100 1424 1148 etiam,
1454 1108 1501 1141 ut

283 1169 395 1198 nunc
414 1155 492 1203 est,
516 1156 650 1209 juvari
672 1155 790 1210 possit
812 1155 1070 1202 Claudianus,
1098 1169 1182 1196 non
1206 1156 1396 1205 dixerim,
1424 1171 1501 1199 nec

283 1213 378 1254 satis
405 1213 489 1267 jam
522 1213 590 1252 vel
623 1214 700 1253 otii
731 1212 790 1253 est
821 1214 889 1254 vel
910 1213 1158 1260 voluntatis,
1187 1222 1234 1253 ut
1253 1214 1387 1255 denuo
1409 1229 1503 1255 cum

281 1270 509 1325 pulvisculo
529 1270 667 1309 omnia
689 1270 908 1312 excutiam.
970 1268 1231 1311 Satisfafiwm
1250 1279 1349 1324 puto
1364 1271 1502 1313 officio

283 1340 383 1382 erga
401 1339 541 1366 manes
563 1325 606 1367 &
626 1327 867 1367 memoriam
892 1324 1116 1374 Camenis,
1146 1328 1255 1381 quod
1276 1329 1342 1369 hic
1367 1331 1502 1370 indico

283 1385 329 1425 in
350 1384 541 1424 maximis
562 1381 772 1424 Claudiani
792 1384 1010 1439 Evergetis
1035 1383 1153 1424 illum
1174 1386 1324 1426 merito
1346 1386 1415 1426 suo
1436 1401 1502 1427 re-

285 1441 516 1487 ferendum,
542 1439 584 1482 ἃ
596 1443 745 1482 mereri
756 1441 867 1482 illius
880 1441 1041 1482 labores
1054 1441 1275 1496 diligenter
1288 1443 1502 1485 conserva-

287 1501 323 1540 ri
335 1500 382 1539 ab
398 1497 474 1544 his,
503 1499 571 1552 qui
585 1499 709 1539 etiam
729 1499 833 1539 hanc
855 1499 1097 1553 particulam
1108 1498 1287 1540 historiae
1309 1502 1502 1555 ingenio-

287 1569 380 1598 rum
400 1554 557 1596 exstare
580 1556 737 1597 malunt
758 1569 879 1611 quam
900 1556 1076 1610 sepeliri.
1136 1556 1200 1597 De
1223 1571 1316 1598 meo
1336 1557 1503 1600 consilio

286 1612 444 1655 difftum
464 1619 558 1653 ante
578 1613 707 1656 n.VI.
765 1613 843 1654 Hic
866 1613 968 1654 illud
986 1614 1155 1667 adjicio,
1184 1610 1292 1669 quod
1320 1616 1370 1656 ad
1393 1618 1503 1658 noti-

287 1672 387 1713 tiam
411 1668 531 1723 hujus
551 1671 744 1711 editionis
763 1671 955 1724 pertinet.
1040 1670 1089 1711 In
1122 1671 1187 1711 his
1218 1671 1310 1727 ipfis
1344 1676 1503 1723 erratis,

285 1729 337 1770 ad
347 1725 576 1771 Viftoriam
587 1726 674 1768 Stil.
697 1728 1058 1769 contraAlaricum
1079 1727 1220 1782 (nobis
1234 1733 1294 1776 26,
1320 1731 1382 1784 18)
1406 1732 1504 1772 scri-

287 1787 350 1828 bit
371 1784 560 1832 Camers,
606 1784 866 1826 Correximus
886 1799 937 1826 ex
961 1785 1109 1841 vetusto
1140 1786 1359 1840 exemplari
1389 1796 1504 1829 toto:

288 1844 333 1884 in
364 1842 445 1883 alio
482 1842 729 1898 vetustzffimo
762 1842 919 1889 Codice,
961 1855 1076 1897 quem
1109 1843 1221 1895 apud
1246 1844 1397 1885 Aldum
1428 1845 1504 1887 Ro.

287 1899 549 1954 reliquimztS,
579 1899 760 1941 Tomari.
819 1901 1001 1940 Eandem
1024 1900 1076 1940 ob
1096 1900 1252 1940 causam
1272 1903 1322 1942 de
1341 1902 1504 1948 catalo-

291 1972 347 2014 go
370 1969 543 2010 operum
571 1955 782 1998 Claudiani
805 1956 905 1997 illud
926 1956 994 1997 hic
1019 1956 1214 2010 subjicere
1236 1958 1393 2012 placet:
1420 1958 1424 1961 ’

404 2012 502 2068 Quoe
536 2013 733 2068 &oannes
777 2013 939 2055 Camers
975 2012 1146 2054 Ordinis
1175 2016 1389 2063 Minorum
1426 2017 1503 2058 ad-

459 2068 576 2119 didit,
605 2072 780 2111 nondum
810 2070 980 2112 antelmi:
1007 2070 1217 2127 impr-effa.-
1265 2101 1267 2106 -

346 2126 559 2169 Claudiani
587 2128 677 2169 laus
709 2126 866 2185 Christi.
924 2128 1081 2169 Proles.

346 2183 560 2226 Claudiani
588 2185 786 2227 miracula
820 2184 973 2240 Christi.
1029 2185 1227 2240 Angelus.

346 2241 560 2284 Claudiani
588 2243 725 2285 laudes
754 2242 954 2286 Herculis.
1020 2243 1240 2286 Pieridum.

347 2299 594 2341 Claudianus
622 2302 667 2341 in
693 2301 876 2342 Sirenas.
934 2300 1072 2342 Dulce.

280 2355 377 2401 Non
387 2357 503 2399 usum
514 2357 593 2399 efl'e
606 2359 770 2406 Juntam
789 2358 864 2399 hac
884 2359 1080 2406 editione,
1107 2371 1242 2414 neque
1252 2357 1419 2406 Aldum,
1434 2357 1502 2400 sed

285 2428 377 2455 eam
398 2415 601 2457 laudatam
620 2417 668 2457 ab
679 2414 909 2470 Ismgrinio,
937 2415 1217 2473 &Claverioffl
1237 2415 1372 2457 statim
1393 2417 1507 2457 vide-

280 2471 429 2512 bimus.

127 2527 242 2580 *1519
298 2529 332 2571 F
335 2529 522 2570 lorentiae
551 2538 584 2575 8.
638 2528 716 2570 Per
744 2528 929 2570 haeredes
957 2530 1138 2585 Philippi
1172 2530 1307 2579 Juntae
1335 2529 1370 2570 F
1373 2529 1508 2570 loren-

235 2587 306 2627 tiae
326 2586 379 2627 M.
390 2586 439 2627 D.
451 2586 567 2629 XIX.
622 2586 763 2628 Leone
786 2587 946 2628 decimo
970 2586 1185 2631 Pontifice.
1240 2585 1380 2630 Habet
1398 2586 1507 2628 Bibl.

249 2643 439 2697 Gotting.

1399 2701 1509 2744 Prae-
