1612 2948
274 128 357 171 DE
385 126 657 171 LAUDIB.
687 125 974 170 STILICH.
1015 127 1134 169 LIB.
1167 129 1188 170 I

1300 142 1358 178 313

176 228 322 269 Pacem
349 226 572 268 conciliant
607 239 700 266 arae.
736 226 1012 280 penetralibus
1042 227 1182 280 ignem

57 304 107 340 60
175 299 384 341 sacratum
422 312 594 353 rapuere
613 299 772 353 adytis,
811 299 972 353 rituque
988 300 1191 352 juvencos

171 373 364 415 Chaldaeo
392 372 566 414 stravere
589 373 719 427 Magi.

779 373 869 413 Rex
899 373 982 428 ipse
1002 374 1221 415 micantem

169 449 347 490 Inclinat
375 449 518 489 dextra
553 445 748 503 pateram,
778 448 1010 503 secretaque
1037 449 1139 497 Beli,

168 522 221 564 Et
247 535 349 575 vaga
371 521 537 562 testatur
566 521 804 562 volventem
825 519 951 561 fidera
978 521 1185 563 Mithram.

163 592 205 635 Si
229 594 390 649 quando
424 594 542 634 sociis
571 601 709 634 tecum
740 594 954 634 venatibus
974 593 1099 641 ibant,

53 669 98 714 65

165 668 270 715 Quis
297 665 523 707 Stilichone
554 667 666 720 prior
688 665 799 706 ferro
820 672 1036 720 penetrare
1062 667 1208 707 leones

176 741 396 790 Cominus,
426 748 495 793 aut
525 742 650 795 longe
677 742 854 796 virgatas
887 740 1017 795 figere
1049 741 1214 797 tigres?

168 816 377 858 Fleclenti
401 815 543 856 faciles
566 816 711 856 Medus
739 816 816 857 tibi
845 813 956 856 cessit
976 816 1166 857 habenas.

167 890 407 946 Torquebas
440 891 634 945 refugum
662 891 821 933 Parthis
846 893 1086 933 mirantibus
1115 905 1269 934 arcum.

206 966 370 1008 Nubilis
402 968 559 1008 interea
596 974 766 1008 maturae
798 969 970 1023 virginis
1001 981 1100 1008 zetas

54 1053 105 1092 70
162 1041 346 1096 Urgebat
368 1044 519 1097 patrias
539 1043 722 1098 suspenso
749 1044 934 1099 principe
959 1056 1098 1085 curas:

161 1116 297 1164 Quem
325 1113 441 1157 simul
471 1117 727 1172 imperioque
759 1117 928 1165 ducem,
973 1124 1163 1172 nataeque
1193 1116 1386 1158 maritum

167 1190 443 1244 prospiceret,
480 1192 628 1232 dubius
655 1198 747 1233 toto
779 1192 986 1247 quaerebat
1012 1193 1060 1232 ab
1084 1193 1164 1232 'axe

165 1264 351 1321 Dignum
381 1267 576 1321 coniugio
609 1280 833 1323 generum,
863 1268 1128 1324 thalamisque
1147 1266 1327 1309 Serenae.

769 1341 855 1392 Us

1232 1344 1255 1391 J
1257 1337 1439 1385 ddicium

55 1436 99 1473 62
124 1436 205 1472 belli
219 1441 308 1483 vulgss
329 1438 408 1474 eoeli
429 1441 530 1474 MSS.
554 1441 672 1474 it.Vic.
696 1438 768 1473 Beli
795 1440 880 1481 felix
897 1439 978 1480 conj.
993 1439 1158 1484 Scaligeri.
1175 1434 1182 1439 ¹
1228 1438 1267 1480 63
1289 1440 1441 1482 mitram,

98 1492 248 1529 mytram
265 1487 308 1518 al.

467 1532 569 1566 libris.

98 1638 143 1675 59
167 1632 222 1664 De
243 1631 335 1682 ignis
355 1642 372 1664 a
400 1630 445 1666 ud
468 1631 581 1664 Persas
610 1632 722 1674 cultu,

52 1676 169 1710 omnia
187 1676 284 1710 dedit
297 1677 352 1710 Bri
385 1688 416 1710 o.
438 1676 479 1710 de
491 1678 586 1721 regio
597 1677 723 1716 Persar.

52 1722 202 1770 princip.
238 1721 261 1755 1.
281 1733 322 1756 2·
347 1733 399 1767 pr.
427 1721 644 1757 Abstrusiora
681 1733 722 1756 ex

53 1765 283 1801 orientalibus
321 1766 546 1811 scriptoribus
574 1769 722 1813 protulit

52 1811 140 1846 Tho.
162 1812 265 1857 Hyde
285 1824 313 1847 c.
333 1818 351 1852 8
374 1813 417 1846 it.
445 1823 538 1857 c-29.
585 1815 635 1847 Ex
655 1813 722 1847 h.l.

52 1866 216 1901 apparet,
256 1859 337 1903 igne
381 1857 422 1890 ad
450 1857 616 1892 sacrificia
645 1858 721 1892 usos

52 1903 158 1936 etiam
179 1901 293 1937 Persas
312 1915 352 1937 eo
369 1913 524 1945 tantum,
554 1905 614 1949 qui
641 1916 657 1937 e
675 1904 722 1937 sa-

53 1959 115 1982 cro
153 1948 214 1982 illo
249 1948 286 1982 ἃ.
323 1958 493 1993 perpetuo
534 1950 568 1983 in
606 1950 723 1994 Pyreis

51 1995 219 2035 (πυρρίαις
250 1993 271 2028 s.
295 1994 433 2039 templis
467 1994 540 2039 igni
568 1994 723 2040 dicatis)

51 2037 184 2073 servato
202 2039 359 2073 accensus
391 2037 481 2073 esset.

97 2083 140 2117 62
166 2083 288 2118 Verbis
323 2086 464 2118 Inclinat
487 2094 632 2130 pateram
666 2085 724 2119 de-

53 2127 215 2163 scribitur
244 2130 302 2163 ille
342 2129 435 2164 auus
475 2127 631 2171 libandi',
681 2133 723 2164 τῦ

53 2175 208 2214 σπένδειν,
244 2175 337 2209 unde
367 2177 489 2214 euwain*
521 2174 645 2217 fedus,
685 2175 722 2210 ἃ.

54 2219 213 2254 ἄσπονδος
248 2220 350 2254 hostis
387 2219 619 2265 implacabilis
655 2220 723 2254 διε.

53 2265 156 2299 Belus
186 2277 314 2300 numen
341 2264 631 2311 Babyloniorum,
662 2266 725 2324 qui

56 2310 124 2344 iam
137 2322 214 2355 pars
226 2312 323 2354 regni
336 2311 509 2345 Persarum
521 2310 610 2352 sunt,
621 2310 664 2346 ab
674 2312 725 2345 nis

54 2367 194 2399 quoque
221 2357 353 2390 cultus:
405 2356 500 2401 quod
529 2357 728 2401 apocrypha

53 2401 214 2435 Danielis
231 2401 427 2442 ostendunt,
449 2412 540 2446 quae
549 2400 613 2435 esse
623 2403 728 2436 Clau-

54 2445 162 2524 ‹iitiano
190 2457 279 2481 certe
314 2448 512 2492 antiquiora
540 2447 617 2481 satis
645 2459 728 2482 con-

88 2500 131 2524 at.

101 2537 141 2578 63
189 2537 351 2570 Mithram
373 2537 486 2572 Solem
523 2536 616 2580 esse,
657 2537 727 2583 ipse

56 2585 161 2626 poeta
199 2581 342 2615 indicat.
389 2584 442 2616 De
482 2583 587 2627 hujus
629 2585 726 2617 cultu

58 2626 279 2661 idololatrico
313 2629 407 2671 apud
430 2630 592 2668 Graecos,
630 2629 727 2663 civili

55 2679 192 2705 tantum
221 2671 315 2717 apud
342 2672 474 2716 Persas,
506 2674 578 2710 vid.
608 2674 730 2709 lauda·-

58 2724 114 2751 tus
134 2716 240 2751 modo
258 2717 361 2761 Hyde
381 2729 450 2761 c.4.

385 1485 432 1519 66
456 1486 556 1530 virga
573 1483 778 1529 transfigere
797 1487 887 1528 vulg.
912 1486 1084 1526 Heinfiana
1102 1485 1189 1519 1εᾶἰο
1210 1485 1249 1527 est
1262 1497 1298 1519 ex
1307 1486 1395 1519 honis

657 1539 696 1573 73
717 1529 868 1565 severum
897 1531 1004 1573 Cujac.

814 1632 859 1677 64
882 1633 987 1673 Sociis>
1008 1633 1188 1674 venatibus,
1225 1643 1296 1667 una
1313 1644 1442 1667 venan-

768 1677 826 1718 do,
850 1687 888 1710 ut
904 1679 1131 1720 sottiz's‘cwmis=
1155 1689 1224 1712 una
1237 1679 1442 1723 pugnando.

815 1723 862 1757 66
893 1725 1038 1766 Virgatae
1056 1724 1154 1767 tigres
1173 1723 1312 1757 solemni
1334 1735 1445 1769 prope

767 1768 926 1813 epitheto
946 1769 1124 1802 dicuntur.
1171 1768 1252 1804 vid.
1263 1769 1443 1815 Sen.Hip-

768 1814 919 1859 pol.344.
943 1813 1003 1847 Sil.
1017 1823 1047 1854 5,
1070 1820 1138 1856 ¹48·
1230 1859 1236 1865 -

813 1859 857 1898 68
876 1860 1042 1903 Refugum
1071 1871 1180 1894 arcum
1201 1858 1287 1893 d1cit
1307 1859 1443 1905 Hypal-

766 1904 844 1949 lage
861 1904 1012 1949 quadam
1038 1904 1075 1937 in
1093 1903 1176 1950 fuga
1195 1903 1308 1939 subito
1329 1905 1442 1938 remis-

767 1948 853 1983 sum.
890 1948 1027 1984 Vim-ad
1039 1955 1071 1990 8,
1081 1958 1145 1991 530
1168 1952 1296 1995 Refugo
1315 1953 1441 1995 quaefit

764 1996 885 2039 fiducia
917 1996 1050 2029 Partho.

815 2049 860 2082 70
885 2042 1007 2073 Patria
1025 2052 1107 2074 curae
1127 2038 1203 2074 sunt
1226 2039 1330 2085 ipsius
1343 2041 1443 2074 Prin-

770 2085 859 2130 cipis
893 2085 1098 2126 Theodosii,
1158 2085 1219 2130 qui
1247 2085 1362 2120 fratris
1389 2086 1440 2119 sui

769 2131 1087 2164 HonoriiSerenam
1109 2130 1218 2164 filiam
1241 2131 1421 2176 adoptarat
1435 2145 1445 2163 :

769 2176 830 2220 qui
859 2187 952 2209 nunc
973 2178 1143 2220 suspenfias
1172 2175 1205 2210 h.
1226 2188 1255 2210 e.
1289 2176 1442 2210 incertus

771 2222 805 2254 &
826 2221 932 2254 animi
952 2221 1106 2266 pendens
1125 2219 1312 2262 deliberat,
1336 2233 1440 2266 quem

769 2265 914 2300 sumeret
954 2265 1013 2300 sibi
1055 2277 1094 2299 ex
1123 2267 1218 2300 omni
1246 2269 1441 2310 juventute,

770 2321 834 2346 toto
863 2313 901 2345 ab
930 2324 984 2346 axe
1008 2312 1107 2355 (vid.
1129 2312 1172 2346 ad
1196 2323 1241 2353 ¹5,
1255 2313 1362 2359 458.)
1382 2325 1442 2357 ge-

771 2368 914 2399 nerum,
948 2357 1009 2401 qui
1039 2357 1138 2391 simul
1167 2357 1239 2391 dux
1265 2357 1328 2391 esse
1347 2369 1441 2392 exer-

773 2403 863 2437 citus
883 2402 1002 2447 posi'et.

818 2457 854 2490 73
888 2450 969 2482 Non
1014 2447 1265 2482 contemnenda
1302 2447 1443 2482 videtur

771 2493 923 2533 indicam
965 2492 1064 2538 supra
1114 2493 1215 2527 leci'cio
1235 2520 1245 2533 ‚
1282 2491 1441 2536 fiverum.

771 2539 836 2573 His
855 2537 1013 2572 thalamis
1036 2547 1107 2572 erat
1119 2541 1266 2582 severum
1280 2539 1441 2581 judicium

772 2585 917 2617 virtutis.
965 2585 1088 2617 Severo
1115 2584 1271 2617 examine
1291 2585 1326 2618 δε
1346 2584 1440 2625 judi-

750 2630 827 2663 .cio
869 2627 1146 2673 disceptabatur,
1194 2629 1272 2674 quis
1310 2628 1439 2675 dignus

772 2672 852 2709 effet
872 2673 925 2708 his
946 2673 1105 2709 thalamis
1119 2675 1261 2709 Serena.
