1612 2948
216 124 288 167 IN
315 116 726 165 EUTROPIUM

778 119 983 162 LIB.11.
1041 118 1213 163 PROL
1296 124 1369 172 265

231 220 360 262 Saevit
394 221 437 259 in
466 217 677 260 merorem
696 217 952 273 prodigiosus
973 217 1119 260 honos.

165 295 317 336 Ablato
336 294 505 349 penitus
539 293 736 348 respirant
759 293 926 333 nomine
952 291 1054 340 fasti,

226 371 507 424 Matar-amque
536 369 648 410 luem
666 369 805 410 'sanior
829 369 922 409 aula
950 369 1093 410 vomit.

60 457 96 499 ις
162 444 422 488 Diffimulant
443 445 562 492 socii,
589 445 873 499 conjuratique
896 445 1107 485 recedunt.
1434 462 1462 498 ,ᾗ

225 522 502 563 Procumbunt
529 523 683 577 pariter
717 534 811 562 cum
832 521 935 561 duce
956 528 1045 562 tota
1067 519 1229 569 cohors,

173 598 271 641 Non
300 598 390 638 acie
412 596 535 645 νίξὶί,
563 595 879 637 non‘obfidione
904 594 1069 644 subasti,

232 671 297 712 Ne
320 677 490 724 pereant
510 671 615 717 ritu,
645 677 726 724 'quo
748 669 909 724 periere
929 668 1022 708 viri.

174 744 369 788 Concidit
392 746 557 799 exiguae
586 737 794 784 dementia
817 743 989 784 vulnere
1009 739 1176 783 chartae.

59 830 111 859 20

223 818 414 862 confecit
445 818 597 858 saevum
621 818 758 858 littera
779 817 922 857 Martis
943 827 1064 870 opus.

168 895 308 945 Mollis
335 895 514 936 feminea
543 894 774 936 detruditur
794 906 886 933 arce
910 900 1126 948 tyrannuS,

63 1096 99 1130 14
125 1095 206 1120 aura
227 1086 319 1119 editt.
337 1085 469 1130 prime.-
483 1063 719 1128 ᾐτιῶ-1113111111
732 1084 802 1127 Bas.

150 1131 283 1165 ditione
300 1129 409 1164 coaffi
436 1131 525 1174 vulg.
552 1128 728 1163 deditione
749 1130 823 1163 MS.

853 966 938 1014 Rs
1401 962 1455 1006 Et

885 1080 923 1117 16
953 1078 1153 1126 procumbit
1172 1080 1263 1122 vulg.
1355 1088 1388 1121 ¹7
1413 1076 1460 1112 se-

957 1133 992 1165 18
1017 1137 1079 1160 nec
1102 1133 1249 1170 pereunt
1268 1126 1370 1159 MSS.

306 1184 315 1193 ”
327 1186 362 1211 21
388 1185 460 1209 arte
484 1178 575 1220 vulg.
602 1186 678 1208 aree
696 1186 732 1208 ex
753 1175 852 1209 MSS.
879 1172 1060 1207 melioribus
1076 1172 1193 1215 Heinfi

619 1221 688 1254 vid.
706 1221 747 1254 ad
769 1226 811 1261 8,
835 1229 908 1265 293.

64 1307 219 1352 sequitur
255 1307 367 1342 no'ster
407 1306 571 1340 carminis
612 1306 741 1351 prioris

66 1354 253 1399 principio.
278 1353 361 1388 Vid.
393 1363 469 1398 quae
498 1362 668 1397 ponemus
697 1350 741 1385 ad

66 1410 159 1444 v.19.
315 1414 320 1417 ¹

131 1475 163 1506 13
209 1464 373 1498 Deletum
402 1474 442 1497 ex
471 1463 578 1498 Fastis
615 1475 742 1498 nomen

66 1511 249 1556 Eutropii,
298 1520 513 1588 quaecungue
562 1508 741 1555 supersunt

66 1567 186 1590 eorum
214 1555 391 1600 particulae
423 1567 440 1587 a

69 1601 277 1646 pertinentes
305 1600 500 1641 declarant,
530 1612 609 1634 cum
633 1599 742 1634 solum

68 1646 246 1681 Theodori
265 1645 380 1679 Mallii
403 1655 529 1678 nomen
548 1643 706 1678 habeant.

130 1723 166 1756 14
212 1711 450 1746 Maturitatem
493 1710 743 1745 hodiernorum

69 1758 174 1801 etiam
196 1757 407 1792 consuetudo
426 1756 642 1790 medicorum
653 1767 745 1790 mor-

71 1802 125 1838 bis
147 1802 380 1849 quibusdam,
409 1802 617 1836 nominatim
636 1812 747 1846 puru-

69 1850 174 1884 lentis
193 1848 330 1883 tribuit.
397 1850 513 1882 Sanior
539 1850 635 1881 aula.-
660 1845 746 1880 insa-

71 1895 190 1930 niebat
208 1895 322 1935 enim,
352 1905 457 1938 quam
484 1893 547 1926 diu
574 1891 746 1933 sustinuit,

73 1942 162 1985 quin
197 1939 369 1975 consulem
409 1938 489 1973 fecit
526 1937 747 1982 Eutropium.

73 1986 230 2021 Liberius
274 1985 319 2029 *de
362 1982 749 2029 Constantinopolitana

75 2033 154 2067 aula
172 2042 204 2066 et
228 2030 379 2065 Arcadio
408 2030 506 2074 loqui
527 2028 610 2064 solet
628 2027 750 2063 noster.

122 2116 158 2149 18
176 2111 230 2143 Ne
251 2106 375 2142 cadant
396 2106 431 2140 in
452 2105 592 2151 praelio,
613 2114 672 2138 aut
683 2103 750 2137 fer-

76 2166 117 2190 ro
140 2164 230 2189 certe
257 2152 423 2193 militari,
451 2161 491 2194 ut
520 2151 598 2186 viri.
667 2151 751 2184 Non

77 2201 171 2242 enim
197 2197 331 2246 possum
361 2196 527 2242 probare,
557 2195 651 2241 quod
681 2206 753 2228 ma-

78 2257 149 2288 nu,
172 2257 247 2291 quae
265 2243 404 2288 Cujacii
436 2252 599 2287 putatur,
629 2239 753 2275 adscri-

17 2319 24 2323 .
79 2301 182 2337 ptum
211 2290 256 2325 est
281 2288 454 2324 Basileenfi
480 2287 660 2332 exemplo,
699 2289 754 2322 Ne

79 2346 210 2382 pereant
225 2338 316 2379 ferro
329 2363 338 2377 ,
360 2337 419 2379 φάο
440 2335 557 2368 evirati
572 2335 665 2377 sunt.

134 2412 170 2446 ¹9
194 2402 310 2436 Charta
330 2404 441 2446 exigua
461 2400 506 2434 est
524 2400 667 2445 epistola
688 2400 757 2433 Irn-

85 2447 275 2493 perat‘oris,
301 2448 345 2481 ad
366 2446 566 2482 Praefefi‘cum
588 2445 757 2485 Praetorii,

86 2503 162 2536 quae
193 2493 296 2526 exstat
326 2493 363 2526 in
391 2494 433 2526 C.
463 2492 532 2526 Th.
571 2492 671 2534 eujus
711 2489 758 2524 est

86 2540 180 2580 (L.9
206 2539 317 2584 t.40)
352 2539 375 2572 1.
397 2548 430 2580 ¹7
456 2537 499 2571 de
523 2538 648 2571 Poenis.
693 2538 762 2569 Re-

89 2582 208 2617 scribit
228 2594 352 2627 nempe
375 2583 545 2617 Arcadius
571 2582 760 2616 Aureliano

86 2627 182 2662 Praef.
201 2630 297 2662 Praet.
323 2630 440 2662 Omnes
458 2640 507 2662 res
525 2629 685 2673 Eutropii,
706 2628 762 2671 qui

86 2676 246 2718 quondam
281 2675 466 2718 Praepofitus
499 2675 585 2717 sacri
627 2673 764 2707 cubiculi

493 1554 585 1589 hunc
611 1565 742 1588 annum
756 1569 759 1572 ·

786 1318 877 1346 mus,
906 1313 1009 1350 erepto
1035 1304 1205 1348 splendore
1222 1301 1308 1344 ejus,
1338 1300 1463 1341 &con-

780 1353 891 1396 fitlatu
917 1363 934 1384 a
964 1359 1046 1384 tetra
1072 1350 1207 1389 illuvie,
1233 1348 1266 1384 ἃς(
1292 1359 1310 1380 a
1329 1357 1460 1379 comme-

787 1399 962 1431 moratione
989 1396 1127 1433 nomim's
1155 1394 1240 1436 ejux,
1281 1392 1315 1429 ω’
1339 1394 1462 1433 coenofi5

779 1444 930 1487 sordibus
950 1441 1135 1481 vindicato,
1165 1447 1201 1472 ut
1226 1438 1360 1481 ejusdem
1387 1439 1463 1469 uni·

785 1491 881 1529 verfis
900 1488 1018 1521 astibus
1037 1486 1234 1529 antiquatis,
1266 1484 1372 1516 omnin
1390 1494 1461 1515 mu-

786 1536 906 1577 test-ant
936 1542 1098 1576 tempora,
1125 1541 1182 1564 nec
1210 1530 1275 1572 ejus
1297 1540 1461 1562 enumera-

786 1581 871 1612 tione
902 1579 1016 1622 [αι-τιή
1044 1577 1142 1618 nostri
1178 1575 1261 1608 labes
1292 1578 1476 1618 appareat&

788 1636 844 1657 nec
863 1625 1094 1667 ingemifitant‚
1121 1630 1176 1654 aut
1195 1621 1322 1664 quisua
1340 1621 1465 1652 virtute

787 1681 823 1702 ac
851 1669 1038 1702 vulneribus
1065 1669 1224 1700 Romanos
1242 1666 1323 1707 fines
1345 1674 1460 1708 propa-

786 1723 889 1759 gant,
917 1715 970 1746 vel
985 1713 1042 1756 qui
1061 1712 1179 1745 eosdem
1193 1712 1355 1755 servanda
1376 1709 1464 1751 jnris

789 1761 937 1803 aequitate
965 1758 1161 1799 custodiunt,
1200 1757 1282 1800 quod
1316 1756 1466 1788 divinum

786 1805 956 1850 praemium
975 1805 1154 1846 confidatus
1176 1803 1369 1842 lutulentum
1388 1811 1464 1844 pro-

791 1851 916 1894 digium
943 1850 1128 1892 contagione
1152 1847 1307 1890 foedavit.
1356 1846 1466 1880 Parri-

790 1898 892 1930 cintus
911 1897 1006 1929 etiam
1021 1895 1192 1938 dignitate,
1212 1901 1305 1935 atque
1324 1892 1466 1924 omnihus·

794 1941 1022 1984 inferioribus,
1035 1940 1211 1983 spoliarum
1224 1940 1258 1980 se
1279 1939 1334 1979 effe
1353 1947 1467 1980 cogno-

788 1991 880 2031 scat,
907 1998 983 2030 quos
1010 1996 1132 2018 morum
1159 1984 1277 2028 polluit
1289 1984 1467 2026 scaevitate.

795 2031 934 2066 Deinde
954 2029 1069 2064 statuae
1097 2030 1171 2073 ejus
1191 2026 1320 2062 aboleri
1346 2025 1470 2071 juben-

795 2087 871 2117 tur,
902 2076 944 2110 de
972 2087 1042 2120 quo
1072 2074 1114 2108 acl
1134 2084 1190 2115 20,
1211 2084 1251 2117 7:
1276 2073 1311 2108 &
1339 2073 1469 2117 relega-

796 2133 854 2157 tur
871 2125 1052 2167 Cyprum,
1073 2131 1121 2162 ¹9,
1141 2121 1200 2155 60.

840 2179 873 2203 21
898 2171 966 2202 Arx
979 2167 1142 2210 feminea,
1163 2163 1367 2200 cubiculum
1382 2191 1391 2205 ‚
1412 2161 1469 2197 cui

798 2212 977 2260 praefeRus
1007 2211 1120 2246 fuerat
1147 2210 1359 2255 Eutropius,
1404 2207 1466 2252 qui

799 2259 910 2294 statim
941 2267 1086 2292 vocatur
1113 2255 1283 2291 thalasius.
1328 2255 1475 2288 Feminea

799 2315 867 2340 arte
886 2304 1105 2349 interpretari
1123 2300 1249 2337 licebat
1261 2300 1303 2334 de
1315 2299 1475 2333 Eudoxia

801 2361 908 2385 uxore
926 2348 1092 2390 Arcadii,
1120 2348 1162 2382 de
1182 2358 1249 2392 qua
1270 2343 1473 2388 Philostorg.

802 2399 848 2431 H.
872 2398 910 2429 E.
932 2406 976 2437 11,
998 2394 1018 2428 6
1052 2393 1176 2434 refert,
1203 2391 1310 2437 ipsam
1340 2388 1383 2424 ab
1404 2391 1476 2422 Eu-

803 2442 918 2487 tropio
943 2440 1070 2484 injuria
1090 2439 1265 2480 affefflm,
1293 2445 1413 2470 contra
1435 2434 1477 2467 il-

802 2489 876 2522 lum
898 2483 1100 2531 supplicasse
1119 2484 1256 2523 marito,
1280 2481 1366 2515 duas
1379 2479 1477 2525 puel-

804 2534 852 2567 les
882 2531 957 2566 suas
985 2530 1200 2566 Pulcheriam
1229 2529 1263 2563 δι,
1290 2525 1478 2560 Arcadiam

807 2580 842 2613 in
871 2577 938 2611 suis
962 2576 1057 2611 ulnis
1077 2576 1107 2609 ei
1125 2575 1323 2609 offerentem
1347 2571 1476 2616 (a'yxa-

811 2624 970 2664 λισαμένη
984 2620 1258 2664 -προτεινομένη)
1296 2629 1404 2662 eaque
1443 2627 1480 2649 re

811 2667 967 2704 inei-tasse
1001 2668 1167 2712 ignavum
1202 2664 1285 2698 alias
1314 2663 1482 2697 maritum

82 2720 178 2762 fuit,
215 2721 322 2754 aerarii
354 2719 451 2761 nostri
470 2721 599 2754 calculis
615 2719 767 2762 adjunxi·
812 2715 850 2749 in
870 2714 1059 2761 perniciem
1078 2710 1253 2757 Eutropii.
1296 2708 1364 2744 Sed
1392 2704 1484 2740 nihil

1413 2752 1482 2785 tale
