1612 2948
438 120 520 165 IN
581 120 1122 166 CLAUDIANUM
1425 125 1487 166 XI

101 233 226 274 opera
248 217 339 261 fieri
354 218 519 274 ‘pofl'et‚
548 221 784 268 emendata,
815 235 861 262 ac
888 221 986 262 talia
1017 222 1149 276 qualia
1180 219 1228 261 ab
1249 221 1333 274 ipso
1353 222 1488 263 literis

102 278 387 318 commendata
406 276 485 317 efl‘e
500 307 510 324 ,
538 291 638 318 vero
660 277 785 318 simile
807 277 878 326 slt;
910 280 1056 318 deinde
1084 286 1131 318 ut
1152 292 1198 318 ea
1223 279 1487 320 adnotatione

101 345 301 390 perpetua
335 335 610 388 explicarem,
654 349 735 389 quo
767 336 969 392 intelligi,
1018 335 1061 376 δε
1089 335 1138 376 ad
1174 337 1270 377 vitae
1308 336 1485 390 aliquem

101 392 217 433 usum
240 391 452 432 transferri
474 394 598 434 etiam
621 406 643 432 a
665 393 927 433 mediocriter
945 391 1075 434 dottis
1093 393 1159 433 vel
1181 394 1406 445 occupatis,
1436 393 1485 434 si-

100 462 155 490 ne
188 450 324 490 multo
353 449 492 490 labore
521 459 595 490 aut
622 450 800 491 discursu
827 451 878 490 ad
907 451 1009 493 alios
1039 450 1178 498 libros,
1210 448 1371 505 posfint.

187 582 285 627 VII.
316 585 526 634 Quantum
557 585 606 625 ad
635 586 815 640 priorem
846 583 957 625 illam
990 590 1170 638 partem,
1197 585 1354 640 semper
1382 584 1485 626 mihi

102 641 358 682 obversatum
390 642 449 684 est
484 643 609 690 illud,
656 643 763 696 quod
793 641 854 689 Jo.
884 642 1087 684 Friderici
1115 641 1317 683 Gronovii
1349 644 1485 684 verbis

99 699 236 754 placet
258 699 420 756 eloqui,
451 714 574 754 quem
605 700 739 739 virum
768 699 815 738 ab
846 712 897 738 eo
928 700 1022 738 inde
1044 707 1232 753 tempore
1262 701 1484 741 admiratus

100 755 208 804 sum,
235 769 316 811 quo
349 757 503 812 aliquid
526 759 569 797 in
590 757 723 796 literis
746 756 982 810 intelligere
1002 755 1087 796 sum
1109 757 1226 796 visus.
1315 756 1484 812 Scripsit

99 812 173 854 ille
197 813 248 853 ad
268 814 357 854 Nic.
373 813 583 856 Heinsium
610 814 806 867 juvenem
832 813 904 853 ista
932 813 998 866 *)‚
1041 814 1134 867 Ego
1164 826 1190 853 a
1215 815 1354 867 prima
1384 821 1486 855 ma·-

102 875 143 910 ἴε
169 871 211 910 in
240 869 399 911 temone
428 877 607 911 veterum
639 869 682 910 id
704 870 941 927 potzffimum
971 868 1120 917 habui,
1153 876 1199 910 ut
1221 869 1314 911 'mel
1357 885 1487 912 mores

101 926 435 976 emendarentur,
465 941 544 968 non
573 934 618 968 ut
650 929 782 981 apices
813 926 862 970 &
887 926 1035 981 punH'a
1064 927 1274 968 librorum.
1344 929 1392 969 Si
1421 930 1485 968 in-

101 985 224 1026 terim
242 983 485 1039 frequenter
514 985 679 1039 legendo
708 998 750 1025 eo
776 983 1046 1039 profecimus,
1079 991 1124 1025 ut
1149 986 1315 1038 genium
1345 999 1486 1039 capere

89 1039 334 1097 scriptoris,
372 1041 574 1098 ipsimzqne
591 1041 674 1096 sua
702 1048 830 1082 mente
860 1041 909 1085 ἔθ’
936 1043 1032 1098 stilo
1064 1042 1217 1083 donare
1240 1041 1404 1098 poffiw,
1443 1045 1486 1083 in

101 1098 212 1139 lucro
245 1097 449 1152 deputavi,
504 1100 690 1141 Barbara·
706 1098 826 1154 fimt,
857 1100 926 1155 qui
959 1113 1037 1140 non
1062 1113 1213 1152 puram
1241 1113 1392 1155 aqna-m
1418 1106 1482 1141 cte-

105 1168 181 1210 que
209 1157 451 1209 ingenuam,
481 1170 603 1211 qnam
631 1156 838 1197 turbidam
857 1155 1127 1211 sordibusque
1152 1160 1401 1210 permixtam
1429 1157 1488 1198 hi-

104 1213 197 1254 bere
224 1213 393 1254 malunt.
447 1211 531 1254 Sed
561 1211 663 1254 nihil
692 1212 892 1267 infelicius
919 1215 1147 1269 magistris,
1185 1216 1255 1268 qui
1283 1215 1324 1254 in
1357 1215 1488 1256 literis

105 1268 157 1312 ἔθ’
195 1268 368 1325 syllabis
405 1269 708 1324 confhnuerunt,
752 1270 930 1324 pulicum
965 1274 1102 1326 saltus
1140 1273 1363 1313 metiuntur
1403 1272 1485 1314 &a

102 1326 248 1382 Itaque
299 1341 394 1368 cum
434 1328 646 1376 viderem,
686 1341 876 1382 magnam
906 1328 990 1382 jam
1030 1329 1287 1383 diligentiam
1328 1329 1486 1370 adhibi-

102 1390 187 1426 tam
208 1384 256 1425 ab
277 1385 349 1425 illo
371 1383 612 1426 Latinorum
636 1390 852 1439 po’e'tarum
871 1384 1106 1439 sospitatore
1130 1384 1315 1433 Heium),
1347 1395 1391 1427 ut
1417 1388 1487 1442 qui

102 1441 256 1496 ubique
281 1448 398 1482 erant
420 1455 493 1496 per
516 1442 724 1497 Europam
755 1442 849 1483 libri
872 1441 984 1483 MSS.
1007 1457 1078 1484 eos
1099 1451 1334 1490 excuteret,
1355 1446 1489 1485 omni-

104 1511 184 1553 que
204 1499 371 1540 illorum
389 1497 638 1540 eonfiderata
658 1500 878 1547 varietate,
908 1513 999 1554 quae
1023 1502 1071 1540 ad
1093 1501 1114 1540 s
1112 1514 1203 1541 nam
1223 1506 1357 1555 poetae
1382 1503 1494 1543 inte-

105 1556 300 1610 gritatem
320 1556 610 1597 restituendam
630 1558 809 1597 maxime
839 1557 1080 1598 viderentur
1101 1558 1235 1598 facere
1249 1587 1258 1605 ‚
1289 1560 1486 1613 eligeret:

105 1613 246 1654 versus
267 1612 480 1655 Claudiani
510 1629 563 1655 ex
595 1613 718 1668 ipfius
738 1615 932 1670 exemplo
951 1616 1101 1670 prioris
1121 1616 1316 1656 editionis
1345 1617 1488 1671 (quod

106 1672 364 1712 emendatius
387 1670 454 1713 sub
486 1671 618 1712 oculis
644 1670 847 1713 Gronovii
871 1672 1069 1713 excusum
1095 1672 1173 1713 esse
1204 1674 1490 1728 deprehendi)

106 1729 423 1783 exprimendum
457 1729 551 1769 dedi
583 1729 885 1785 typographis,
913 1730 1080 1771 mutatis
1111 1731 1234 1770 modo
1266 1730 1348 1772 illis
1373 1732 1489 1779 loeis,

107 1799 214 1840 quos
235 1786 318 1841 ipse
346 1787 388 1827 in
411 1785 601 1827 secundis
631 1788 740 1827 curis
765 1788 912 1828 mutari
936 1786 1103 1842 jufferat
1123 1786 1324 1834 Heinfius‚
1353 1798 1424 1830 aut
1444 1791 1488 1830 in

108 1843 258 1896 quibus
277 1844 325 1884 ab
344 1844 418 1884 illo
430 1844 659 1885 discedendi
669 1845 793 1898 justas
814 1858 880 1884 me
894 1845 1029 1885 causas
1043 1845 1192 1885 habere
1206 1846 1361 1900 putavi,
1389 1860 1489 1901 quas

109 1900 305 1940 adnotare
333 1914 417 1942 non
447 1902 631 1956 neglexi.
717 1902 780 1942 De
813 1908 952 1942 notata
982 1902 1030 1941 ab
1064 1903 1161 1950 illo,
1185 1902 1250 1942 vel
1282 1902 1490 1944 observata

110 1957 275 1998 aliunde
299 1959 495 1999 varietate
514 1957 729 2005 leffionis,
760 1972 850 2013 quae
882 1958 1123 1999 sententiam
1161 1967 1362 2007 mutaret,
1391 1973 1490 2014 pru-

112 2014 218 2054 dens
236 2015 392 2056 nullam
419 2015 557 2056 omifi:
585 2015 628 2056 ὅ(
658 2015 700 2054 in
731 2022 820 2056 toto
847 2015 925 2056 hoc
947 2028 1098 2070 genere
1117 2017 1240 2057 malui
1258 2030 1427 2070 peccare
1448 2019 1490 2058 in

110 2085 203 2112 eam
228 2080 409 2127 partem,
440 2087 532 2128 quae
563 2072 692 2113 tutior
720 2072 789 2113 est.
869 2071 949 2114 Sed
981 2073 1095 2114 nolui
1130 2073 1355 2115 describere
1384 2075 1491 2115 hanc

108 2135 270 2186 partem
299 2127 527 2171 Heinfianae
554 2130 851 2176 adnotationis,
881 2144 958 2185 qua
991 2131 1062 2171 ille
1082 2145 1226 2172 omnes
1248 2131 1490 2187 plerumque

111 2186 278 2227 codices
302 2188 545 2228 nominatim
567 2188 689 2235 citat,
719 2194 806 2228 turn
826 2201 874 2228 ea
895 2189 1066 2236 ratione,
1093 2202 1212 2242 quam
1231 2203 1328 2231 mox
1346 2190 1491 2237 dicam,

111 2250 205 2285 tum
227 2245 335 2299 quod
365 2245 409 2285 in
430 2257 576 2300 magna
597 2242 639 2285 &
664 2246 852 2297 proxima
883 2244 1187 2299 exspefitatione
1214 2245 1270 2287 est
1292 2247 1491 2287 Burman·

111 2302 234 2343 niana
253 2302 401 2349 editio,
427 2315 518 2357 quae
541 2314 707 2342 omnem
737 2302 855 2342 illum
874 2301 1136 2344 Heinfianum
1164 2310 1422 2358 apparatum,
1449 2303 1492 2345 δε

113 2371 236 2413 quem
250 2359 334 2413 ja'm
356 2358 565 2407 habemus,
595 2358 637 2400 δε
656 2372 778 2414 quem
797 2359 867 2400 ille
886 2359 975 2414 post
994 2360 1044 2401 A.
1068 2362 1162 2408 166,-
1182 2361 1363 2414 collegit.
1392 2375 1490 2400 con*

111 2416 262 2457 tinebit
283 2415 366 2456 fine
387 2417 536 2464 dubio,
566 2415 609 2458 &
633 2416 741 2457 forte
761 2418 840 2460 alia
858 2417 988 2458 multa
1017 2417 1059 2457 id
1078 2431 1209 2471 genus
1230 2416 1492 2463 colleffimea.

112 2473 223 2514 unde
248 2480 447 2529 quantum
466 2475 615 2530 cuique
633 2474 777 2515 talium
795 2475 944 2529 cupido
961 2475 1115 2529 volupe
1136 2477 1236 2523 erit,
1265 2476 1406 2515 licebit
1428 2475 1492 2516 sn-

112 2542 241 2575 mere.
299 2531 400 2581 Haee
431 2532 557 2574 etiam
588 2530 704 2573 causa
721 2531 792 2580 est,
820 2545 895 2573 cur
925 2534 969 2573 in
997 2531 1220 2576 codicibus
1242 2531 1491 2587 Guelferby*

1405 2590 1493 2633 Dum

159 2676 193 2722 .‘)
215 2675 371 2724 sylloges
392 2679 509 2713 Burm.
532 2678 595 2712 To.
608 2687 624 2720 3
647 2687 732 2724 εμπ
759 2687 835 2723 p.3.¹
