<?xml version="1.0" encoding="UTF-8"?>
<!DOCTYPE html PUBLIC "-//W3C//DTD XHTML 1.0 Transitional//EN"
    "http://www.w3.org/TR/xhtml1/DTD/xhtml1-transitional.dtd">
<html xmlns="http://www.w3.org/1999/xhtml" xml:lang="en" lang="en">
 <head>
  <title>
</title>
<meta http-equiv="Content-Type" content="text/html;charset=utf-8" />
  <meta name='ocr-system' content='tesseract 3.04.00' />
  <meta name='ocr-capabilities' content='ocr_page ocr_carea ocr_par ocr_line ocrx_word'/>
</head>
<body>
  <div class='ocr_page' id='page_1' title='image "./quaeexstantvarie00clauuoft_0447.png"; bbox 0 0 1612 2948; ppageno 0'>
   <div class='ocr_carea' id='block_1_1' title="bbox 570 142 688 194">
    <p class='ocr_par' dir='ltr' id='par_1_1' title="bbox 570 142 688 194">
     <span class='ocr_line' id='line_1_1' title="bbox 570 142 688 194; baseline 0 -2"><span class='ocrx_word' id='word_1_1' title='bbox 570 142 688 194; x_wconf 52' lang='grc' dir='ltr'><strong>ΨΩ</strong></span> 
     </span>
    </p>
   </div>
   <div class='ocr_carea' id='block_1_2' title="bbox 743 141 1368 197">
    <p class='ocr_par' dir='ltr' id='par_1_2' title="bbox 743 141 1368 197">
     <span class='ocr_line' id='line_1_2' title="bbox 743 141 1368 197; baseline -0.003 0"><span class='ocrx_word' id='word_1_2' title='bbox 743 141 788 197; x_wconf 47' lang='grc' dir='ltr'><strong>θ’·</strong></span> <span class='ocrx_word' id='word_1_3' title='bbox 845 142 964 191; x_wconf 50' lang='lat' dir='ltr'><strong>‘RD‘</strong></span> <span class='ocrx_word' id='word_1_4' title='bbox 1295 159 1368 197; x_wconf 78' lang='lat'><strong>373</strong></span> 
     </span>
    </p>
   </div>
   <div class='ocr_carea' id='block_1_3' title="bbox 70 238 1449 286">
    <p class='ocr_par' dir='ltr' id='par_1_3' title="bbox 70 238 1449 286">
     <span class='ocr_line' id='line_1_3' title="bbox 70 238 1449 286; baseline 0.003 -4"><span class='ocrx_word' id='word_1_5' title='bbox 70 238 1449 286; x_wconf 41' lang='lat' dir='ltr'><strong>÷*W÷w÷†*÷44÷*÷÷÷nne÷</strong></span> 
     </span>
    </p>
   </div>
   <div class='ocr_carea' id='block_1_4' title="bbox 449 340 1059 483">
    <p class='ocr_par' dir='ltr' id='par_1_4' title="bbox 449 340 1059 483">
     <span class='ocr_line' id='line_1_4' title="bbox 678 340 825 383; baseline 0 0"><span class='ocrx_word' id='word_1_6' title='bbox 678 340 825 383; x_wconf 73' lang='lat' dir='ltr'>XXIV</span> 
     </span>
     <span class='ocr_line' id='line_1_5' title="bbox 449 437 1059 483; baseline 0.003 -2"><span class='ocrx_word' id='word_1_7' title='bbox 449 437 547 481; x_wconf 87' lang='lat' dir='ltr'><strong>CL.</strong></span> <span class='ocrx_word' id='word_1_8' title='bbox 597 437 1059 483; x_wconf 89' lang='lat' dir='ltr'>CLAUDIANI</span> 
     </span>
    </p>
   </div>
   <div class='ocr_carea' id='block_1_5' title="bbox 700 555 1409 582">
    <p class='ocr_par' dir='ltr' id='par_1_5' title="bbox 700 555 1409 582">
     <span class='ocr_line' id='line_1_6' title="bbox 700 555 1409 582; baseline -0.004 0"><span class='ocrx_word' id='word_1_9' title='bbox 700 555 729 582; x_wconf 91' lang='lat' dir='ltr'>D</span> <span class='ocrx_word' id='word_1_10' title='bbox 744 556 773 582; x_wconf 76' lang='lat' dir='ltr'>E</span> <span class='ocrx_word' id='word_1_11' title='bbox 1407 556 1409 558; x_wconf 87' lang='lat'>&#39;</span> 
     </span>
    </p>
   </div>
   <div class='ocr_carea' id='block_1_6' title="bbox 56 635 699 708">
    <p class='ocr_par' dir='ltr' id='par_1_6' title="bbox 56 635 699 708">
     <span class='ocr_line' id='line_1_7' title="bbox 56 635 699 708; baseline -0.002 -2"><span class='ocrx_word' id='word_1_12' title='bbox 56 635 699 708; x_wconf 84' lang='lat' dir='ltr'><strong>CONSULATU</strong></span> 
     </span>
    </p>
   </div>
   <div class='ocr_carea' id='block_1_7' title="bbox 768 636 1445 711">
    <p class='ocr_par' dir='ltr' id='par_1_7' title="bbox 768 636 1445 711">
     <span class='ocr_line' id='line_1_8' title="bbox 768 636 1445 711; baseline 0.004 -3"><span class='ocrx_word' id='word_1_13' title='bbox 768 636 1445 711; x_wconf 86' lang='lat' dir='ltr'>STILICHONIS</span> 
     </span>
    </p>
   </div>
   <div class='ocr_carea' id='block_1_8' title="bbox 478 788 1058 838">
    <p class='ocr_par' dir='ltr' id='par_1_8' title="bbox 478 788 1058 838">
     <span class='ocr_line' id='line_1_9' title="bbox 478 788 1058 838; baseline -0.009 0"><span class='ocrx_word' id='word_1_14' title='bbox 478 789 823 838; x_wconf 88' lang='lat' dir='ltr'><em>LIBER</em></span> <span class='ocrx_word' id='word_1_15' title='bbox 892 788 1058 834; x_wconf 81' lang='lat' dir='ltr'><em>III*</em></span> 
     </span>
    </p>
   </div>
   <div class='ocr_carea' id='block_1_9' title="bbox 243 902 1387 958">
    <p class='ocr_par' dir='ltr' id='par_1_9' title="bbox 243 902 1387 958">
     <span class='ocr_line' id='line_1_10' title="bbox 243 902 1387 958; baseline -0.002 -14"><span class='ocrx_word' id='word_1_16' title='bbox 243 915 336 944; x_wconf 87' lang='lat' dir='ltr'><strong>uem</strong></span> <span class='ocrx_word' id='word_1_17' title='bbox 359 903 503 958; x_wconf 90' lang='lat' dir='ltr'><strong>populi</strong></span> <span class='ocrx_word' id='word_1_18' title='bbox 526 903 680 958; x_wconf 86' lang='lat' dir='ltr'><strong>plausu,</strong></span> <span class='ocrx_word' id='word_1_19' title='bbox 702 915 922 958; x_wconf 88' lang='lat' dir='ltr'><strong>procerum</strong></span> <span class='ocrx_word' id='word_1_20' title='bbox 943 915 1066 957; x_wconf 84' lang='lat' dir='ltr'><strong>quem</strong></span> <span class='ocrx_word' id='word_1_21' title='bbox 1086 915 1188 942; x_wconf 89' lang='lat' dir='ltr'><strong>voce</strong></span> <span class='ocrx_word' id='word_1_22' title='bbox 1206 902 1387 956; x_wconf 79' lang='lat' dir='ltr'><strong>petebas,</strong></span> 
     </span>
    </p>
   </div>
   <div class='ocr_carea' id='block_1_10' title="bbox 268 978 1413 1036">
    <p class='ocr_par' dir='ltr' id='par_1_10' title="bbox 268 978 1413 1036">
     <span class='ocr_line' id='line_1_11' title="bbox 268 978 1413 1036; baseline 0 -14"><span class='ocrx_word' id='word_1_23' title='bbox 268 981 456 1035; x_wconf 83' lang='lat' dir='ltr'><strong>Adspice,</strong></span> <span class='ocrx_word' id='word_1_24' title='bbox 478 982 621 1030; x_wconf 85' lang='lat' dir='ltr'><strong>Roma,</strong></span> <span class='ocrx_word' id='word_1_25' title='bbox 643 982 790 1022; x_wconf 83' lang='lat' dir='ltr'><strong>virum.</strong></span> <span class='ocrx_word' id='word_1_26' title='bbox 815 981 899 1035; x_wconf 85' lang='lat' dir='ltr'><strong>jam</strong></span> <span class='ocrx_word' id='word_1_27' title='bbox 912 987 1099 1035; x_wconf 84' lang='lat' dir='ltr'><strong>tempora</strong></span> <span class='ocrx_word' id='word_1_28' title='bbox 1118 978 1252 1021; x_wconf 73' lang='lat' dir='ltr'><strong>desine</strong></span> <span class='ocrx_word' id='word_1_29' title='bbox 1274 979 1413 1036; x_wconf 81' lang='lat' dir='ltr'><strong>longae</strong></span> 
     </span>
    </p>
   </div>
   <div class='ocr_carea' id='block_1_11' title="bbox 159 1055 1191 1112">
    <p class='ocr_par' dir='ltr' id='par_1_11' title="bbox 159 1055 1191 1112">
     <span class='ocr_line' id='line_1_12' title="bbox 159 1055 1191 1112; baseline -0.003 -13"><span class='ocrx_word' id='word_1_30' title='bbox 159 1058 429 1099; x_wconf 87' lang='lat' dir='ltr'><strong>Dinumerare</strong></span> <span class='ocrx_word' id='word_1_31' title='bbox 455 1058 557 1105; x_wconf 83' lang='lat' dir='ltr'><strong>viae,</strong></span> <span class='ocrx_word' id='word_1_32' title='bbox 599 1057 765 1112; x_wconf 83' lang='lat' dir='ltr'><strong>visoque</strong></span> <span class='ocrx_word' id='word_1_33' title='bbox 798 1055 1002 1111; x_wconf 80' lang='lat' dir='ltr'><strong>assurgere</strong></span> <span class='ocrx_word' id='word_1_34' title='bbox 1032 1055 1191 1109; x_wconf 87' lang='lat' dir='ltr'><strong>semper</strong></span> 
     </span>
    </p>
   </div>
   <div class='ocr_carea' id='block_1_12' title="bbox 50 1130 1238 1259">
    <p class='ocr_par' dir='ltr' id='par_1_12' title="bbox 50 1130 1238 1259">
     <span class='ocr_line' id='line_1_13' title="bbox 162 1130 1202 1185; baseline -0.001 -13"><span class='ocrx_word' id='word_1_35' title='bbox 162 1131 362 1173; x_wconf 80' lang='lat' dir='ltr'><strong>Pulvere:</strong></span> <span class='ocrx_word' id='word_1_36' title='bbox 402 1145 486 1172; x_wconf 89' lang='lat' dir='ltr'><strong>non</strong></span> <span class='ocrx_word' id='word_1_37' title='bbox 517 1132 652 1172; x_wconf 88' lang='lat' dir='ltr'><strong>dubiis</strong></span> <span class='ocrx_word' id='word_1_38' title='bbox 680 1132 790 1172; x_wconf 78' lang='lat' dir='ltr'><strong>ultra</strong></span> <span class='ocrx_word' id='word_1_39' title='bbox 808 1130 1052 1185; x_wconf 86' lang='lat' dir='ltr'><strong>torquebere</strong></span> <span class='ocrx_word' id='word_1_40' title='bbox 1078 1130 1202 1171; x_wconf 84' lang='lat' dir='ltr'><strong>votis.</strong></span> 
     </span>
     <span class='ocr_line' id='line_1_14' title="bbox 50 1203 1238 1259; baseline -0.004 -12"><span class='ocrx_word' id='word_1_41' title='bbox 50 1218 71 1255; x_wconf 83' lang='lat'>5</span> <span class='ocrx_word' id='word_1_42' title='bbox 163 1205 299 1246; x_wconf 78' lang='lat' dir='ltr'><strong>Totus</strong></span> <span class='ocrx_word' id='word_1_43' title='bbox 320 1205 427 1246; x_wconf 87' lang='lat' dir='ltr'><strong>adest</strong></span> <span class='ocrx_word' id='word_1_44' title='bbox 449 1206 580 1246; x_wconf 77' lang='lat' dir='ltr'><strong>oculis</strong></span> <span class='ocrx_word' id='word_1_45' title='bbox 595 1235 605 1252; x_wconf 88' lang='lat'><strong><em>‚</em></strong></span> <span class='ocrx_word' id='word_1_46' title='bbox 635 1205 773 1245; x_wconf 78' lang='lat' dir='ltr'><strong>aderat</strong></span> <span class='ocrx_word' id='word_1_47' title='bbox 796 1205 866 1259; x_wconf 87' lang='lat' dir='ltr'><strong>qui</strong></span> <span class='ocrx_word' id='word_1_48' title='bbox 894 1204 1101 1247; x_wconf 81' lang='lat' dir='ltr'><strong>mentibus</strong></span> <span class='ocrx_word' id='word_1_49' title='bbox 1122 1203 1238 1252; x_wconf 86' lang='lat' dir='ltr'><strong>olim,</strong></span> 
     </span>
    </p>
   </div>
   <div class='ocr_carea' id='block_1_13' title="bbox 157 1277 1193 1334">
    <p class='ocr_par' dir='ltr' id='par_1_13' title="bbox 157 1277 1193 1334">
     <span class='ocr_line' id='line_1_15' title="bbox 157 1277 1193 1334; baseline -0.004 -14"><span class='ocrx_word' id='word_1_50' title='bbox 157 1278 238 1334; x_wconf 89' lang='lat' dir='ltr'><strong>Spe</strong></span> <span class='ocrx_word' id='word_1_51' title='bbox 263 1280 411 1333; x_wconf 84' lang='lat' dir='ltr'><strong>major,</strong></span> <span class='ocrx_word' id='word_1_52' title='bbox 439 1280 544 1320; x_wconf 81' lang='lat' dir='ltr'><strong>sama</strong></span> <span class='ocrx_word' id='word_1_53' title='bbox 575 1279 735 1318; x_wconf 84' lang='lat' dir='ltr'><strong>melior.</strong></span> <span class='ocrx_word' id='word_1_54' title='bbox 766 1291 963 1319; x_wconf 76' lang='lat' dir='ltr'><strong>venerare</strong></span> <span class='ocrx_word' id='word_1_55' title='bbox 994 1277 1193 1324; x_wconf 78' lang='lat' dir='ltr'><strong>curulem,</strong></span> 
     </span>
    </p>
   </div>
   <div class='ocr_carea' id='block_1_14' title="bbox 161 1355 717 1405">
    <p class='ocr_par' dir='ltr' id='par_1_14' title="bbox 161 1355 717 1405">
     <span class='ocr_line' id='line_1_16' title="bbox 161 1355 717 1405; baseline -0.004 -9"><span class='ocrx_word' id='word_1_56' title='bbox 161 1357 266 1405; x_wconf 85' lang='lat' dir='ltr'><strong>Quae</strong></span> <span class='ocrx_word' id='word_1_57' title='bbox 289 1356 364 1396; x_wconf 83' lang='lat' dir='ltr'><strong>tibi</strong></span> <span class='ocrx_word' id='word_1_58' title='bbox 385 1355 561 1396; x_wconf 75' lang='lat' dir='ltr'><strong>restituit</strong></span> <span class='ocrx_word' id='word_1_59' title='bbox 579 1355 717 1395; x_wconf 73' lang='lat' dir='ltr'><strong>fasces.</strong></span> 
     </span>
    </p>
   </div>
   <div class='ocr_carea' id='block_1_15' title="bbox 748 1353 1249 1408">
    <p class='ocr_par' dir='ltr' id='par_1_15' title="bbox 748 1353 1249 1408">
     <span class='ocr_line' id='line_1_17' title="bbox 748 1353 1249 1408; baseline -0.008 -13"><span class='ocrx_word' id='word_1_60' title='bbox 748 1353 1026 1408; x_wconf 53' lang='lat' dir='ltr'><strong>compleuere</strong></span> <span class='ocrx_word' id='word_1_61' title='bbox 1047 1353 1249 1400; x_wconf 80' lang='lat' dir='ltr'><strong>dextram,</strong></span> 
     </span>
    </p>
   </div>
   <div class='ocr_carea' id='block_1_16' title="bbox 154 1426 1217 1484">
    <p class='ocr_par' dir='ltr' id='par_1_16' title="bbox 154 1426 1217 1484">
     <span class='ocr_line' id='line_1_18' title="bbox 154 1426 1217 1484; baseline -0.005 -14"><span class='ocrx_word' id='word_1_62' title='bbox 154 1427 237 1470; x_wconf 88' lang='lat' dir='ltr'><strong>Sub</strong></span> <span class='ocrx_word' id='word_1_63' title='bbox 256 1430 356 1484; x_wconf 84' lang='lat' dir='ltr'><strong>juga</strong></span> <span class='ocrx_word' id='word_1_64' title='bbox 375 1442 466 1484; x_wconf 84' lang='lat' dir='ltr'><strong>quae</strong></span> <span class='ocrx_word' id='word_1_65' title='bbox 489 1429 641 1470; x_wconf 81' lang='lat' dir='ltr'><strong>Poenos</strong></span> <span class='ocrx_word' id='word_1_66' title='bbox 664 1430 816 1469; x_wconf 81' lang='lat' dir='ltr'><strong>iterum</strong></span> <span class='ocrx_word' id='word_1_67' title='bbox 835 1429 1018 1469; x_wconf 81' lang='lat' dir='ltr'><strong>Romana</strong></span> <span class='ocrx_word' id='word_1_68' title='bbox 1043 1426 1217 1480; x_wconf 78' lang='lat' dir='ltr'><strong>redegit.</strong></span> 
     </span>
    </p>
   </div>
   <div class='ocr_carea' id='block_1_17' title="bbox 155 1502 1314 1559">
    <p class='ocr_par' dir='ltr' id='par_1_17' title="bbox 155 1502 1314 1559">
     <span class='ocr_line' id='line_1_19' title="bbox 155 1502 1314 1559; baseline -0.004 -14"><span class='ocrx_word' id='word_1_69' title='bbox 155 1504 314 1559; x_wconf 78' lang='lat' dir='ltr'><strong>Excipe</strong></span> <span class='ocrx_word' id='word_1_70' title='bbox 336 1505 643 1558; x_wconf 76' lang='lat' dir='ltr'><strong>magnanimum</strong></span> <span class='ocrx_word' id='word_1_71' title='bbox 664 1502 829 1558; x_wconf 58' lang='lat' dir='ltr'><strong>pefihis,</strong></span> <span class='ocrx_word' id='word_1_72' title='bbox 859 1517 942 1558; x_wconf 88' lang='lat' dir='ltr'><strong>quo</strong></span> <span class='ocrx_word' id='word_1_73' title='bbox 976 1502 1091 1542; x_wconf 86' lang='lat' dir='ltr'><strong>frena</strong></span> <span class='ocrx_word' id='word_1_74' title='bbox 1112 1505 1314 1556; x_wconf 80' lang='lat' dir='ltr'><strong>reguntur</strong></span> 
     </span>
    </p>
   </div>
   <div class='ocr_carea' id='block_1_18' title="bbox 47 1593 89 1619">
    <p class='ocr_par' dir='ltr' id='par_1_18' title="bbox 47 1593 89 1619">
     <span class='ocr_line' id='line_1_20' title="bbox 47 1593 89 1619; baseline -0.024 0"><span class='ocrx_word' id='word_1_75' title='bbox 47 1593 89 1619; x_wconf 82' lang='lat'><strong>10</strong></span> 
     </span>
    </p>
   </div>
   <div class='ocr_carea' id='block_1_19' title="bbox 157 1578 1044 1634">
    <p class='ocr_par' dir='ltr' id='par_1_19' title="bbox 157 1578 1044 1634">
     <span class='ocr_line' id='line_1_21' title="bbox 157 1578 1044 1634; baseline -0.002 -14"><span class='ocrx_word' id='word_1_76' title='bbox 157 1580 350 1634; x_wconf 86' lang='lat' dir='ltr'><strong>Imperii,</strong></span> <span class='ocrx_word' id='word_1_77' title='bbox 378 1580 494 1633; x_wconf 86' lang='lat' dir='ltr'><strong>cujus</strong></span> <span class='ocrx_word' id='word_1_78' title='bbox 515 1580 684 1620; x_wconf 76' lang='lat' dir='ltr'><strong>libratur</strong></span> <span class='ocrx_word' id='word_1_79' title='bbox 716 1578 891 1619; x_wconf 81' lang='lat' dir='ltr'><strong>sensibus</strong></span> <span class='ocrx_word' id='word_1_80' title='bbox 919 1579 1044 1618; x_wconf 85' lang='lat' dir='ltr'><strong>orbis.</strong></span> 
     </span>
    </p>
   </div>
   <div class='ocr_carea' id='block_1_20' title="bbox 157 1650 1268 1707">
    <p class='ocr_par' dir='ltr' id='par_1_20' title="bbox 157 1650 1268 1707">
     <span class='ocr_line' id='line_1_22' title="bbox 157 1650 1268 1707; baseline -0.005 -13"><span class='ocrx_word' id='word_1_81' title='bbox 157 1653 217 1695; x_wconf 88' lang='lat' dir='ltr'><strong>Os</strong></span> <span class='ocrx_word' id='word_1_82' title='bbox 237 1654 417 1700; x_wconf 81' lang='lat' dir='ltr'><strong>sacrum,</strong></span> <span class='ocrx_word' id='word_1_83' title='bbox 445 1653 554 1707; x_wconf 89' lang='lat' dir='ltr'><strong>quod</strong></span> <span class='ocrx_word' id='word_1_84' title='bbox 574 1653 617 1693; x_wconf 88' lang='lat' dir='ltr'><strong>in</strong></span> <span class='ocrx_word' id='word_1_85' title='bbox 638 1665 720 1693; x_wconf 79' lang='lat' dir='ltr'><strong>aere</strong></span> <span class='ocrx_word' id='word_1_86' title='bbox 741 1652 866 1699; x_wconf 84' lang='lat' dir='ltr'><strong>colis,</strong></span> <span class='ocrx_word' id='word_1_87' title='bbox 897 1651 1056 1692; x_wconf 82' lang='lat' dir='ltr'><strong>miraris</strong></span> <span class='ocrx_word' id='word_1_88' title='bbox 1090 1650 1133 1690; x_wconf 89' lang='lat' dir='ltr'><strong>in</strong></span> <span class='ocrx_word' id='word_1_89' title='bbox 1153 1661 1268 1694; x_wconf 87' lang='lat' dir='ltr'><strong>auro,</strong></span> 
     </span>
    </p>
   </div>
   <div class='ocr_carea' id='block_1_21' title="bbox 671 1724 811 1772">
    <p class='ocr_par' dir='ltr' id='par_1_21' title="bbox 671 1724 811 1772">
     <span class='ocr_line' id='line_1_23' title="bbox 671 1724 811 1772; baseline -0.014 -6"><span class='ocrx_word' id='word_1_90' title='bbox 671 1724 811 1772; x_wconf 84' lang='lat' dir='ltr'><strong>Aa4</strong></span> 
     </span>
    </p>
   </div>
   <div class='ocr_carea' id='block_1_22' title="bbox 1297 1718 1431 1761">
    <p class='ocr_par' dir='ltr' id='par_1_22' title="bbox 1297 1718 1431 1761">
     <span class='ocr_line' id='line_1_24' title="bbox 1297 1718 1431 1761; baseline -0.015 0"><span class='ocrx_word' id='word_1_91' title='bbox 1297 1718 1431 1761; x_wconf 84' lang='lat' dir='ltr'><strong>Cerne</strong></span> 
     </span>
    </p>
   </div>
   <div class='ocr_carea' id='block_1_23' title="bbox 49 1792 1436 1932">
    <p class='ocr_par' dir='ltr' id='par_1_23' title="bbox 49 1792 1436 1932">
     <span class='ocr_line' id='line_1_25' title="bbox 49 1792 1436 1850; baseline -0.004 -17"><span class='ocrx_word' id='word_1_92' title='bbox 49 1801 64 1817; x_wconf 73' lang='lat'><em>⁶</em></span> <span class='ocrx_word' id='word_1_93' title='bbox 91 1799 280 1850; x_wconf 33' lang='lat' dir='ltr'><strong>Pana-gyris</strong></span> <span class='ocrx_word' id='word_1_94' title='bbox 299 1799 365 1832; x_wconf 81' lang='lat' dir='ltr'><strong>alia</strong></span> <span class='ocrx_word' id='word_1_95' title='bbox 383 1799 419 1832; x_wconf 89' lang='lat' dir='ltr'><strong>in</strong></span> <span class='ocrx_word' id='word_1_96' title='bbox 439 1797 558 1831; x_wconf 82' lang='lat' dir='ltr'><strong>laudes</strong></span> <span class='ocrx_word' id='word_1_97' title='bbox 585 1798 660 1848; x_wconf 65' lang='lat' dir='ltr'><strong>Stil.</strong></span> <span class='ocrx_word' id='word_1_98' title='bbox 695 1800 764 1832; x_wconf 81' lang='lat' dir='ltr'><strong>Vic.</strong></span> <span class='ocrx_word' id='word_1_99' title='bbox 784 1799 887 1842; x_wconf 81' lang='lat' dir='ltr'><strong>Junt.</strong></span> <span class='ocrx_word' id='word_1_100' title='bbox 917 1794 1106 1840; x_wconf 71' lang='lat' dir='ltr'><strong>Panegyris</strong></span> <span class='ocrx_word' id='word_1_101' title='bbox 1131 1792 1233 1827; x_wconf 85' lang='lat' dir='ltr'><strong>tertia</strong></span> <span class='ocrx_word' id='word_1_102' title='bbox 1260 1793 1295 1826; x_wconf 85' lang='lat' dir='ltr'><strong>in</strong></span> <span class='ocrx_word' id='word_1_103' title='bbox 1315 1792 1436 1827; x_wconf 83' lang='lat' dir='ltr'><strong>laudes</strong></span> 
     </span>
     <span class='ocr_line' id='line_1_26' title="bbox 139 1840 1345 1889; baseline -0.005 -11"><span class='ocrx_word' id='word_1_104' title='bbox 139 1846 214 1879; x_wconf 82' lang='lat' dir='ltr'><strong>Stil.</strong></span> <span class='ocrx_word' id='word_1_105' title='bbox 239 1846 332 1879; x_wconf 88' lang='lat' dir='ltr'><strong>Vien.</strong></span> <span class='ocrx_word' id='word_1_106' title='bbox 359 1846 431 1889; x_wconf 80' lang='lat' dir='ltr'><strong>Bas.</strong></span> <span class='ocrx_word' id='word_1_107' title='bbox 450 1846 541 1878; x_wconf 79' lang='lat' dir='ltr'><em>Clav.</em></span> <span class='ocrx_word' id='word_1_108' title='bbox 570 1842 658 1877; x_wconf 83' lang='lat' dir='ltr'><strong>liber</strong></span> <span class='ocrx_word' id='word_1_109' title='bbox 685 1844 807 1876; x_wconf 80' lang='lat' dir='ltr'><strong>tertius</strong></span> <span class='ocrx_word' id='word_1_110' title='bbox 833 1842 875 1875; x_wconf 84' lang='lat' dir='ltr'><strong>de</strong></span> <span class='ocrx_word' id='word_1_111' title='bbox 903 1841 997 1876; x_wconf 79' lang='lat' dir='ltr'><strong>laud.</strong></span> <span class='ocrx_word' id='word_1_112' title='bbox 1035 1840 1111 1875; x_wconf 89' lang='lat' dir='ltr'><strong>Stil.</strong></span> <span class='ocrx_word' id='word_1_113' title='bbox 1130 1840 1208 1873; x_wconf 79' lang='lat' dir='ltr'><strong>Ald.</strong></span> <span class='ocrx_word' id='word_1_114' title='bbox 1234 1840 1345 1873; x_wconf 80' lang='lat' dir='ltr'><em>Plaut.</em></span> 
     </span>
     <span class='ocr_line' id='line_1_27' title="bbox 598 1889 865 1932; baseline 0 -10"><span class='ocrx_word' id='word_1_115' title='bbox 598 1899 615 1932; x_wconf 81' lang='lat'>3</span> <span class='ocrx_word' id='word_1_116' title='bbox 640 1900 741 1923; x_wconf 81' lang='lat' dir='ltr'><strong>morae</strong></span> <span class='ocrx_word' id='word_1_117' title='bbox 765 1889 865 1923; x_wconf 81' lang='lat' dir='ltr'><em>MSS.</em></span> 
     </span>
    </p>
   </div>
   <div class='ocr_carea' id='block_1_24' title="bbox 48 1973 726 2747">
    <p class='ocr_par' dir='ltr' id='par_1_24' title="bbox 48 1973 723 2565">
     <span class='ocr_line' id='line_1_28' title="bbox 97 1973 720 2020; baseline -0.008 -9"><span class='ocrx_word' id='word_1_118' title='bbox 97 1987 112 2020; x_wconf 79' lang='lat'><em>3</em></span> <span class='ocrx_word' id='word_1_119' title='bbox 138 1978 352 2012; x_wconf 80' lang='lat' dir='ltr'><strong>Dinumerare</strong></span> <span class='ocrx_word' id='word_1_120' title='bbox 371 1976 406 2010; x_wconf 87' lang='lat'>&amp;</span> <span class='ocrx_word' id='word_1_121' title='bbox 425 1975 517 2009; x_wconf 76' lang='lat' dir='ltr'><strong>inter</strong></span> <span class='ocrx_word' id='word_1_122' title='bbox 530 1973 560 2008; x_wconf 86' lang='lat' dir='ltr'><strong>se</strong></span> <span class='ocrx_word' id='word_1_123' title='bbox 581 1985 720 2019; x_wconf 82' lang='lat' dir='ltr'><strong>compa-</strong></span> 
     </span>
     <span class='ocr_line' id='line_1_29' title="bbox 50 2021 722 2066; baseline -0.003 -10"><span class='ocrx_word' id='word_1_124' title='bbox 50 2034 124 2056; x_wconf 80' lang='lat' dir='ltr'><strong>rare</strong></span> <span class='ocrx_word' id='word_1_125' title='bbox 143 2022 223 2056; x_wconf 87' lang='lat' dir='ltr'><strong>hinc</strong></span> <span class='ocrx_word' id='word_1_126' title='bbox 243 2023 305 2056; x_wconf 78' lang='lat' dir='ltr'><strong>viae</strong></span> <span class='ocrx_word' id='word_1_127' title='bbox 324 2022 430 2066; x_wconf 81' lang='lat' dir='ltr'><strong>spatia</strong></span> <span class='ocrx_word' id='word_1_128' title='bbox 444 2048 452 2061; x_wconf 92' lang='lat'>,</span> <span class='ocrx_word' id='word_1_129' title='bbox 487 2021 567 2054; x_wconf 86' lang='lat' dir='ltr'><strong>hinc</strong></span> <span class='ocrx_word' id='word_1_130' title='bbox 589 2030 722 2064; x_wconf 85' lang='lat' dir='ltr'><strong>tempo-</strong></span> 
     </span>
     <span class='ocr_line' id='line_1_30' title="bbox 49 2066 720 2110; baseline -0.007 -8"><span class='ocrx_word' id='word_1_131' title='bbox 49 2069 117 2109; x_wconf 81' lang='lat' dir='ltr'><strong>ris,</strong></span> <span class='ocrx_word' id='word_1_132' title='bbox 141 2066 268 2106; x_wconf 82' lang='lat' dir='ltr'><strong>solent,</strong></span> <span class='ocrx_word' id='word_1_133' title='bbox 293 2068 351 2110; x_wconf 86' lang='lat' dir='ltr'><strong>qui</strong></span> <span class='ocrx_word' id='word_1_134' title='bbox 373 2066 559 2099; x_wconf 84' lang='lat' dir='ltr'><strong>adventum</strong></span> <span class='ocrx_word' id='word_1_135' title='bbox 580 2066 720 2098; x_wconf 84' lang='lat' dir='ltr'><strong>alterius</strong></span> 
     </span>
     <span class='ocr_line' id='line_1_31' title="bbox 48 2110 719 2158; baseline -0.009 -10"><span class='ocrx_word' id='word_1_136' title='bbox 48 2112 177 2158; x_wconf 83' lang='lat' dir='ltr'><strong>cupide</strong></span> <span class='ocrx_word' id='word_1_137' title='bbox 209 2112 422 2157; x_wconf 60' lang='lat' dir='ltr'><strong>exspcfiiant:</strong></span> <span class='ocrx_word' id='word_1_138' title='bbox 472 2120 605 2144; x_wconf 77' lang='lat' dir='ltr'><strong>tantum</strong></span> <span class='ocrx_word' id='word_1_139' title='bbox 642 2110 719 2151; x_wconf 75' lang='lat' dir='ltr'><strong>viae,</strong></span> 
     </span>
     <span class='ocr_line' id='line_1_32' title="bbox 49 2155 720 2202; baseline -0.003 -10"><span class='ocrx_word' id='word_1_140' title='bbox 49 2160 170 2198; x_wconf 74' lang='lat' dir='ltr'><strong>aiunt,</strong></span> <span class='ocrx_word' id='word_1_141' title='bbox 203 2157 266 2191; x_wconf 88' lang='lat' dir='ltr'><strong>hoc</strong></span> <span class='ocrx_word' id='word_1_142' title='bbox 296 2157 404 2202; x_wconf 85' lang='lat' dir='ltr'><strong>spatio</strong></span> <span class='ocrx_word' id='word_1_143' title='bbox 423 2155 568 2189; x_wconf 33' lang='lat' dir='ltr'><strong>Aabsolui</strong></span> <span class='ocrx_word' id='word_1_144' title='bbox 599 2156 720 2200; x_wconf 82' lang='lat' dir='ltr'><strong>potest.</strong></span> 
     </span>
     <span class='ocr_line' id='line_1_33' title="bbox 48 2199 720 2244; baseline -0.007 -6"><span class='ocrx_word' id='word_1_145' title='bbox 48 2205 85 2238; x_wconf 88' lang='lat' dir='ltr'><strong>Si</strong></span> <span class='ocrx_word' id='word_1_146' title='bbox 99 2202 215 2237; x_wconf 78' lang='lat' dir='ltr'><strong>{dibus</strong></span> <span class='ocrx_word' id='word_1_147' title='bbox 227 2201 478 2236; x_wconf 82' lang='lat' dir='ltr'><strong>Decembribus</strong></span> <span class='ocrx_word' id='word_1_148' title='bbox 489 2201 558 2244; x_wconf 66' lang='lat' dir='ltr'><strong>‚ille</strong></span> <span class='ocrx_word' id='word_1_149' title='bbox 572 2200 614 2234; x_wconf 86' lang='lat' dir='ltr'><strong>ab</strong></span> <span class='ocrx_word' id='word_1_150' title='bbox 623 2199 720 2241; x_wconf 84' lang='lat' dir='ltr'><strong>urbe,</strong></span> 
     </span>
     <span class='ocr_line' id='line_1_34' title="bbox 51 2244 723 2293; baseline -0.006 -10"><span class='ocrx_word' id='word_1_151' title='bbox 51 2251 109 2284; x_wconf 85' lang='lat' dir='ltr'><strong>via</strong></span> <span class='ocrx_word' id='word_1_152' title='bbox 129 2249 186 2282; x_wconf 80' lang='lat' dir='ltr'><strong>ina</strong></span> <span class='ocrx_word' id='word_1_153' title='bbox 199 2277 208 2290; x_wconf 80' lang='lat'>,</span> <span class='ocrx_word' id='word_1_154' title='bbox 232 2244 406 2293; x_wconf 61' lang='lat' dir='ltr'><strong>profetiius</strong></span> <span class='ocrx_word' id='word_1_155' title='bbox 426 2246 483 2288; x_wconf 86' lang='lat' dir='ltr'><strong>est,</strong></span> <span class='ocrx_word' id='word_1_156' title='bbox 507 2246 614 2292; x_wconf 85' lang='lat' dir='ltr'><strong>potest</strong></span> <span class='ocrx_word' id='word_1_157' title='bbox 633 2246 723 2279; x_wconf 82' lang='lat' dir='ltr'><strong>intra</strong></span> 
     </span>
     <span class='ocr_line' id='line_1_35' title="bbox 52 2291 721 2336; baseline -0.006 -8"><span class='ocrx_word' id='word_1_158' title='bbox 52 2294 115 2329; x_wconf 88' lang='lat' dir='ltr'><strong>hos</strong></span> <span class='ocrx_word' id='word_1_159' title='bbox 137 2304 204 2328; x_wconf 81' lang='lat' dir='ltr'><strong>tres</strong></span> <span class='ocrx_word' id='word_1_160' title='bbox 225 2295 297 2327; x_wconf 85' lang='lat' dir='ltr'><strong>dies</strong></span> <span class='ocrx_word' id='word_1_161' title='bbox 320 2291 428 2326; x_wconf 81' lang='lat' dir='ltr'><strong>adesse</strong></span> <span class='ocrx_word' id='word_1_162' title='bbox 447 2302 510 2326; x_wconf 87' lang='lat' dir='ltr'><strong>etc.</strong></span> <span class='ocrx_word' id='word_1_163' title='bbox 561 2294 635 2336; x_wconf 67' lang='lat' dir='ltr'><strong>Vifi&#39;</strong></span> <span class='ocrx_word' id='word_1_164' title='bbox 649 2294 721 2336; x_wconf 86' lang='lat' dir='ltr'><strong>pul-</strong></span> 
     </span>
     <span class='ocr_line' id='line_1_36' title="bbox 50 2337 722 2384; baseline -0.007 -10"><span class='ocrx_word' id='word_1_165' title='bbox 50 2352 136 2382; x_wconf 79' lang='lat' dir='ltr'><strong>vere,</strong></span> <span class='ocrx_word' id='word_1_166' title='bbox 167 2339 260 2384; x_wconf 84' lang='lat' dir='ltr'><strong>quod</strong></span> <span class='ocrx_word' id='word_1_167' title='bbox 282 2338 385 2372; x_wconf 79' lang='lat' dir='ltr'>fallax</span> <span class='ocrx_word' id='word_1_168' title='bbox 406 2337 593 2372; x_wconf 82' lang='lat' dir='ltr'><strong>admodum</strong></span> <span class='ocrx_word' id='word_1_169' title='bbox 612 2337 722 2382; x_wconf 81' lang='lat' dir='ltr'><strong>agmi-</strong></span> 
     </span>
     <span class='ocr_line' id='line_1_37' title="bbox 53 2382 720 2425; baseline -0.007 -6"><span class='ocrx_word' id='word_1_170' title='bbox 53 2387 108 2419; x_wconf 85' lang='lat' dir='ltr'><strong>nis</strong></span> <span class='ocrx_word' id='word_1_171' title='bbox 145 2385 315 2418; x_wconf 71' lang='lat' dir='ltr'><strong>indicium</strong></span> <span class='ocrx_word' id='word_1_172' title='bbox 349 2383 414 2417; x_wconf 85' lang='lat' dir='ltr'><strong>est:</strong></span> <span class='ocrx_word' id='word_1_173' title='bbox 459 2382 550 2418; x_wconf 81' lang='lat' dir='ltr'><strong>conf.</strong></span> <span class='ocrx_word' id='word_1_174' title='bbox 569 2393 620 2423; x_wconf 82' lang='lat'><strong>22,</strong></span> <span class='ocrx_word' id='word_1_175' title='bbox 647 2388 720 2425; x_wconf 79' lang='lat'>398.</span> 
     </span>
     <span class='ocr_line' id='line_1_38' title="bbox 55 2428 721 2474; baseline -0.008 -9"><span class='ocrx_word' id='word_1_176' title='bbox 55 2432 224 2474; x_wconf 73' lang='lat' dir='ltr'><strong>Afficrgere</strong></span> <span class='ocrx_word' id='word_1_177' title='bbox 251 2429 306 2463; x_wconf 82' lang='lat' dir='ltr'><strong>hic</strong></span> <span class='ocrx_word' id='word_1_178' title='bbox 325 2429 482 2464; x_wconf 88' lang='lat' dir='ltr'><strong>nondum</strong></span> <span class='ocrx_word' id='word_1_179' title='bbox 504 2428 545 2461; x_wconf 86' lang='lat' dir='ltr'><strong>ad</strong></span> <span class='ocrx_word' id='word_1_180' title='bbox 564 2439 721 2461; x_wconf 83' lang='lat' dir='ltr'><strong>reveren-</strong></span> 
     </span>
     <span class='ocr_line' id='line_1_39' title="bbox 52 2473 722 2520; baseline -0.007 -10"><span class='ocrx_word' id='word_1_181' title='bbox 52 2477 138 2510; x_wconf 84' lang='lat' dir='ltr'><strong>tiam</strong></span> <span class='ocrx_word' id='word_1_182' title='bbox 158 2475 437 2520; x_wconf 60' lang='lat' dir='ltr'><strong>significandam5</strong></span> <span class='ocrx_word' id='word_1_183' title='bbox 461 2474 516 2508; x_wconf 90' lang='lat' dir='ltr'><strong>sed</strong></span> <span class='ocrx_word' id='word_1_184' title='bbox 538 2474 579 2508; x_wconf 86' lang='lat' dir='ltr'><strong>ad</strong></span> <span class='ocrx_word' id='word_1_185' title='bbox 602 2473 722 2507; x_wconf 83' lang='lat' dir='ltr'><strong>alacri-</strong></span> 
     </span>
     <span class='ocr_line' id='line_1_40' title="bbox 53 2519 722 2565; baseline -0.006 -10"><span class='ocrx_word' id='word_1_186' title='bbox 53 2530 159 2555; x_wconf 82' lang='lat' dir='ltr'><strong>tatem</strong></span> <span class='ocrx_word' id='word_1_187' title='bbox 183 2519 321 2553; x_wconf 82' lang='lat' dir='ltr'><strong>obviam</strong></span> <span class='ocrx_word' id='word_1_188' title='bbox 338 2519 547 2565; x_wconf 83' lang='lat' dir='ltr'><strong>procedendi</strong></span> <span class='ocrx_word' id='word_1_189' title='bbox 561 2520 722 2565; x_wconf 77' lang='lat' dir='ltr'><strong>pertinet.</strong></span> 
     </span>
    </p>

    <p class='ocr_par' dir='ltr' id='par_1_25' title="bbox 54 2565 726 2747">
     <span class='ocr_line' id='line_1_41' title="bbox 100 2565 724 2611; baseline -0.006 -11"><span class='ocrx_word' id='word_1_190' title='bbox 100 2567 121 2600; x_wconf 88' lang='grc'>6</span> <span class='ocrx_word' id='word_1_191' title='bbox 145 2565 379 2599; x_wconf 81' lang='lat' dir='ltr'><strong>Pulcherrima</strong></span> <span class='ocrx_word' id='word_1_192' title='bbox 396 2565 624 2611; x_wconf 78' lang='lat' dir='ltr'><strong>exaggeratio.</strong></span> <span class='ocrx_word' id='word_1_193' title='bbox 649 2567 724 2608; x_wconf 83' lang='lat' dir='ltr'><strong>Spes</strong></span> 
     </span>
     <span class='ocr_line' id='line_1_42' title="bbox 55 2610 726 2654; baseline -0.006 -8"><span class='ocrx_word' id='word_1_194' title='bbox 55 2613 92 2646; x_wconf 85' lang='lat'>&amp;</span> <span class='ocrx_word' id='word_1_195' title='bbox 115 2614 208 2645; x_wconf 82' lang='lat' dir='ltr'><strong>Fama</strong></span> <span class='ocrx_word' id='word_1_196' title='bbox 227 2610 348 2643; x_wconf 77' lang='lat' dir='ltr'><strong>similes</strong></span> <span class='ocrx_word' id='word_1_197' title='bbox 367 2611 456 2652; x_wconf 79' lang='lat' dir='ltr'><strong>iuis,</strong></span> <span class='ocrx_word' id='word_1_198' title='bbox 477 2622 553 2654; x_wconf 85' lang='lat' dir='ltr'><strong>quae</strong></span> <span class='ocrx_word' id='word_1_199' title='bbox 571 2621 590 2643; x_wconf 77' lang='lat' dir='ltr'><strong>a</strong></span> <span class='ocrx_word' id='word_1_200' title='bbox 613 2621 648 2643; x_wconf 81' lang='lat' dir='ltr'><strong>re</strong></span> <span class='ocrx_word' id='word_1_201' title='bbox 661 2610 726 2643; x_wconf 89' lang='lat' dir='ltr'><strong>mi-</strong></span> 
     </span>
     <span class='ocr_line' id='line_1_43' title="bbox 54 2655 726 2700; baseline -0.004 -9"><span class='ocrx_word' id='word_1_202' title='bbox 54 2656 227 2700; x_wconf 82' lang='lat' dir='ltr'><strong>croscopia</strong></span> <span class='ocrx_word' id='word_1_203' title='bbox 249 2665 434 2696; x_wconf 79' lang='lat' dir='ltr'><strong>vocantur,</strong></span> <span class='ocrx_word' id='word_1_204' title='bbox 457 2666 528 2689; x_wconf 87' lang='lat' dir='ltr'><strong>rem</strong></span> <span class='ocrx_word' id='word_1_205' title='bbox 549 2655 726 2689; x_wconf 80' lang='lat' dir='ltr'><strong>minimam</strong></span> 
     </span>
     <span class='ocr_line' id='line_1_44' title="bbox 55 2700 484 2747; baseline -0.002 -11"><span class='ocrx_word' id='word_1_206' title='bbox 55 2702 234 2747; x_wconf 78' lang='lat' dir='ltr'><strong>insigniter</strong></span> <span class='ocrx_word' id='word_1_207' title='bbox 264 2700 484 2745; x_wconf 78' lang='lat' dir='ltr'><strong>augentibus.</strong></span> 
     </span>
    </p>
   </div>
   <div class='ocr_carea' id='block_1_25' title="bbox 550 2701 729 2734">
    <p class='ocr_par' dir='ltr' id='par_1_26' title="bbox 550 2701 729 2734">
     <span class='ocr_line' id='line_1_45' title="bbox 550 2701 729 2734; baseline -0.006 -1"><span class='ocrx_word' id='word_1_208' title='bbox 550 2701 641 2734; x_wconf 86' lang='lat' dir='ltr'><strong>Hinc</strong></span> <span class='ocrx_word' id='word_1_209' title='bbox 678 2712 729 2733; x_wconf 82' lang='lat' dir='ltr'><strong>ex-</strong></span> 
     </span>
    </p>
   </div>
   <div class='ocr_carea' id='block_1_26' title="bbox 755 1969 1437 2742">
    <p class='ocr_par' dir='ltr' id='par_1_27' title="bbox 764 1969 1433 2059">
     <span class='ocr_line' id='line_1_46' title="bbox 764 1969 1433 2016; baseline -0.006 -10"><span class='ocrx_word' id='word_1_210' title='bbox 764 1982 865 2008; x_wconf 85' lang='lat' dir='ltr'><strong>vocat</strong></span> <span class='ocrx_word' id='word_1_211' title='bbox 876 1972 1015 2006; x_wconf 84' lang='lat' dir='ltr'><strong>Tullius</strong></span> <span class='ocrx_word' id='word_1_212' title='bbox 1028 1999 1038 2013; x_wconf 82' lang='lat'><strong>‚</strong></span> <span class='ocrx_word' id='word_1_213' title='bbox 1061 1981 1164 2016; x_wconf 82' lang='lat' dir='ltr'><strong>quam</strong></span> <span class='ocrx_word' id='word_1_214' title='bbox 1176 1973 1330 2015; x_wconf 69' lang='lat' dir='ltr'><strong>ficperare</strong></span> <span class='ocrx_word' id='word_1_215' title='bbox 1347 1969 1433 2004; x_wconf 82' lang='lat' dir='ltr'><strong>diffi-</strong></span> 
     </span>
     <span class='ocr_line' id='line_1_47' title="bbox 764 2018 1103 2059; baseline -0.009 -6"><span class='ocrx_word' id='word_1_216' title='bbox 764 2019 828 2053; x_wconf 87' lang='lat' dir='ltr'><strong>cile</strong></span> <span class='ocrx_word' id='word_1_217' title='bbox 847 2018 904 2059; x_wconf 69' lang='lat' dir='ltr'><strong>est,</strong></span> <span class='ocrx_word' id='word_1_218' title='bbox 928 2018 1009 2052; x_wconf 84' lang='lat' dir='ltr'><strong>fam.</strong></span> <span class='ocrx_word' id='word_1_219' title='bbox 1030 2027 1103 2059; x_wconf 60' lang='lat'><strong>2⁷4.</strong></span> 
     </span>
    </p>

    <p class='ocr_par' dir='ltr' id='par_1_28' title="bbox 763 2061 1431 2245">
     <span class='ocr_line' id='line_1_48' title="bbox 805 2061 1430 2107; baseline -0.008 -9"><span class='ocrx_word' id='word_1_220' title='bbox 805 2074 823 2107; x_wconf 91' lang='lat'><em>7</em></span> <span class='ocrx_word' id='word_1_221' title='bbox 850 2064 1001 2105; x_wconf 78' lang='lat' dir='ltr'><strong>Restituit</strong></span> <span class='ocrx_word' id='word_1_222' title='bbox 1041 2064 1144 2105; x_wconf 80' lang='lat' dir='ltr'><strong>fasces</strong></span> <span class='ocrx_word' id='word_1_223' title='bbox 1176 2061 1214 2094; x_wconf 90' lang='lat' dir='ltr'><strong>in</strong></span> <span class='ocrx_word' id='word_1_224' title='bbox 1238 2061 1430 2101; x_wconf 61' lang='lat' dir='ltr'><strong>&#39;honor-em,</strong></span> 
     </span>
     <span class='ocr_line' id='line_1_49' title="bbox 763 2106 1431 2154; baseline -0.007 -11"><span class='ocrx_word' id='word_1_225' title='bbox 763 2121 850 2154; x_wconf 83' lang='lat' dir='ltr'><strong>quos</strong></span> <span class='ocrx_word' id='word_1_226' title='bbox 888 2109 1079 2154; x_wconf 84' lang='lat' dir='ltr'><strong>polluerat,</strong></span> <span class='ocrx_word' id='word_1_227' title='bbox 1121 2106 1310 2150; x_wconf 81' lang='lat' dir='ltr'><strong>abjecerat,</strong></span> <span class='ocrx_word' id='word_1_228' title='bbox 1340 2117 1431 2146; x_wconf 67' lang='grc' dir='ltr'><strong>’,ροη-</strong></span> 
     </span>
     <span class='ocr_line' id='line_1_50' title="bbox 763 2150 1431 2198; baseline -0.006 -10"><span class='ocrx_word' id='word_1_229' title='bbox 763 2154 951 2197; x_wconf 57' lang='grc' dir='ltr'>ειιῙερηάοε</span> <span class='ocrx_word' id='word_1_230' title='bbox 979 2151 1191 2198; x_wconf 75' lang='lat' dir='ltr'><strong>praebuemr,</strong></span> <span class='ocrx_word' id='word_1_231' title='bbox 1224 2152 1308 2186; x_wconf 88' lang='lat' dir='ltr'><strong>dum</strong></span> <span class='ocrx_word' id='word_1_232' title='bbox 1336 2150 1431 2196; x_wconf 79' lang='lat' dir='ltr'><strong>geffit</strong></span> 
     </span>
     <span class='ocr_line' id='line_1_51' title="bbox 763 2200 966 2245; baseline -0.005 -11"><span class='ocrx_word' id='word_1_233' title='bbox 763 2200 966 2245; x_wconf 79' lang='lat' dir='ltr'><strong>Eutropius.</strong></span> 
     </span>
    </p>

    <p class='ocr_par' dir='ltr' id='par_1_29' title="bbox 755 2241 1432 2461">
     <span class='ocr_line' id='line_1_52' title="bbox 811 2241 1430 2289; baseline -0.008 -10"><span class='ocrx_word' id='word_1_234' title='bbox 811 2257 850 2280; x_wconf 82' lang='lat'><strong>10</strong></span> <span class='ocrx_word' id='word_1_235' title='bbox 873 2246 1027 2278; x_wconf 81' lang='lat' dir='ltr'><strong>Libratur</strong></span> <span class='ocrx_word' id='word_1_236' title='bbox 1053 2243 1244 2289; x_wconf 82' lang='lat' dir='ltr'><strong>Imperium</strong></span> <span class='ocrx_word' id='word_1_237' title='bbox 1271 2241 1308 2275; x_wconf 85' lang='lat'>&amp;</span> <span class='ocrx_word' id='word_1_238' title='bbox 1333 2241 1430 2275; x_wconf 84' lang='lat' dir='ltr'><strong>velut</strong></span> 
     </span>
     <span class='ocr_line' id='line_1_53' title="bbox 767 2287 1428 2335; baseline -0.008 -11"><span class='ocrx_word' id='word_1_239' title='bbox 767 2292 800 2325; x_wconf 90' lang='lat' dir='ltr'><strong>in</strong></span> <span class='ocrx_word' id='word_1_240' title='bbox 821 2289 1016 2335; x_wconf 73' lang='lat' dir='ltr'><strong>aequilibrio</strong></span> <span class='ocrx_word' id='word_1_241' title='bbox 1044 2288 1218 2329; x_wconf 81' lang='lat' dir='ltr'><strong>servatur,</strong></span> <span class='ocrx_word' id='word_1_242' title='bbox 1252 2298 1295 2320; x_wconf 84' lang='lat' dir='ltr'><strong>nc</strong></span> <span class='ocrx_word' id='word_1_243' title='bbox 1324 2287 1428 2320; x_wconf 76' lang='lat' dir='ltr'><strong>nimis</strong></span> 
     </span>
     <span class='ocr_line' id='line_1_54' title="bbox 764 2332 1430 2379; baseline -0.009 -10"><span class='ocrx_word' id='word_1_244' title='bbox 764 2337 801 2370; x_wconf 86' lang='lat' dir='ltr'><strong>in</strong></span> <span class='ocrx_word' id='word_1_245' title='bbox 837 2338 1036 2369; x_wconf 80' lang='lat' dir='ltr'><strong>alterutram</strong></span> <span class='ocrx_word' id='word_1_246' title='bbox 1081 2344 1214 2379; x_wconf 83' lang='lat' dir='ltr'><strong>partem</strong></span> <span class='ocrx_word' id='word_1_247' title='bbox 1271 2332 1430 2377; x_wconf 78' lang='lat' dir='ltr'><strong>pendeat,</strong></span> 
     </span>
     <span class='ocr_line' id='line_1_55' title="bbox 755 2377 1432 2426; baseline -0.009 -11"><span class='ocrx_word' id='word_1_248' title='bbox 755 2383 894 2426; x_wconf 60' lang='lat' dir='ltr'><strong>senfiltus</strong></span> <span class='ocrx_word' id='word_1_249' title='bbox 922 2381 956 2415; x_wconf 83' lang='lat' dir='ltr'><strong>h.</strong></span> <span class='ocrx_word' id='word_1_250' title='bbox 976 2392 1004 2415; x_wconf 86' lang='lat' dir='ltr'><strong>e.</strong></span> <span class='ocrx_word' id='word_1_251' title='bbox 1024 2380 1189 2426; x_wconf 78' lang='lat' dir='ltr'><strong>sapientia</strong></span> <span class='ocrx_word' id='word_1_252' title='bbox 1216 2378 1252 2413; x_wconf 88' lang='lat'>&amp;</span> <span class='ocrx_word' id='word_1_253' title='bbox 1280 2377 1432 2423; x_wconf 86' lang='lat' dir='ltr'><strong>pruden-</strong></span> 
     </span>
     <span class='ocr_line' id='line_1_56' title="bbox 766 2426 1044 2461; baseline -0.007 0"><span class='ocrx_word' id='word_1_254' title='bbox 766 2428 814 2461; x_wconf 85' lang='lat' dir='ltr'><strong>tia</strong></span> <span class='ocrx_word' id='word_1_255' title='bbox 832 2426 1044 2461; x_wconf 79' lang='lat' dir='ltr'><strong>Stilichonis.</strong></span> 
     </span>
    </p>

    <p class='ocr_par' dir='ltr' id='par_1_30' title="bbox 766 2467 1437 2742">
     <span class='ocr_line' id='line_1_57' title="bbox 810 2467 1433 2508; baseline -0.013 -1"><span class='ocrx_word' id='word_1_256' title='bbox 810 2483 839 2507; x_wconf 89' lang='lat'><strong>11</strong></span> <span class='ocrx_word' id='word_1_257' title='bbox 866 2473 918 2506; x_wconf 86' lang='lat' dir='ltr'><strong>De</strong></span> <span class='ocrx_word' id='word_1_258' title='bbox 935 2470 1054 2505; x_wconf 73' lang='lat' dir='ltr'><strong>statuis</strong></span> <span class='ocrx_word' id='word_1_259' title='bbox 1073 2469 1173 2503; x_wconf 80' lang='lat' dir='ltr'><strong>aeneis</strong></span> <span class='ocrx_word' id='word_1_260' title='bbox 1192 2468 1227 2503; x_wconf 76' lang='grc' dir='ltr'><strong>δε</strong></span> <span class='ocrx_word' id='word_1_261' title='bbox 1255 2467 1433 2508; x_wconf 74' lang='lat' dir='ltr'><strong>inauratis,</strong></span> 
     </span>
     <span class='ocr_line' id='line_1_58' title="bbox 766 2513 1431 2560; baseline -0.012 -8"><span class='ocrx_word' id='word_1_262' title='bbox 766 2517 853 2552; x_wconf 86' lang='lat' dir='ltr'><strong>forte</strong></span> <span class='ocrx_word' id='word_1_263' title='bbox 891 2518 994 2551; x_wconf 81' lang='lat' dir='ltr'><strong>etiam</strong></span> <span class='ocrx_word' id='word_1_264' title='bbox 1022 2516 1065 2549; x_wconf 85' lang='lat' dir='ltr'><strong>de</strong></span> <span class='ocrx_word' id='word_1_265' title='bbox 1084 2515 1204 2560; x_wconf 76' lang='lat' dir='ltr'><strong>clipeis</strong></span> <span class='ocrx_word' id='word_1_266' title='bbox 1225 2513 1431 2557; x_wconf 81' lang='lat' dir='ltr'><strong>imaginum,</strong></span> 
     </span>
     <span class='ocr_line' id='line_1_59' title="bbox 766 2558 1431 2609; baseline -0.014 -11"><span class='ocrx_word' id='word_1_267' title='bbox 766 2563 943 2609; x_wconf 81' lang='lat' dir='ltr'><strong>loquitur:</strong></span> <span class='ocrx_word' id='word_1_268' title='bbox 990 2561 1140 2595; x_wconf 83' lang='lat' dir='ltr'><strong>numinis</strong></span> <span class='ocrx_word' id='word_1_269' title='bbox 1180 2559 1270 2593; x_wconf 87' lang='lat' dir='ltr'><strong>enim</strong></span> <span class='ocrx_word' id='word_1_270' title='bbox 1302 2558 1431 2592; x_wconf 85' lang='lat' dir='ltr'><strong>cultam</strong></span> 
     </span>
     <span class='ocr_line' id='line_1_60' title="bbox 768 2605 1432 2647; baseline -0.014 -4"><span class='ocrx_word' id='word_1_271' title='bbox 768 2611 823 2643; x_wconf 83' lang='lat' dir='ltr'><strong>vel</strong></span> <span class='ocrx_word' id='word_1_272' title='bbox 859 2607 1076 2646; x_wconf 74' lang='lat' dir='ltr'><strong>Stilichonis,</strong></span> <span class='ocrx_word' id='word_1_273' title='bbox 1125 2605 1179 2639; x_wconf 81' lang='lat' dir='ltr'><strong>vel</strong></span> <span class='ocrx_word' id='word_1_274' title='bbox 1226 2605 1432 2647; x_wconf 80' lang='lat' dir='ltr'><strong>cujusquam</strong></span> 
     </span>
     <span class='ocr_line' id='line_1_61' title="bbox 770 2648 1437 2700; baseline -0.013 -12"><span class='ocrx_word' id='word_1_275' title='bbox 770 2653 920 2700; x_wconf 80' lang='lat' dir='ltr'><strong>privati,</strong></span> <span class='ocrx_word' id='word_1_276' title='bbox 950 2652 1148 2686; x_wconf 85' lang='lat' dir='ltr'><strong>memoriam</strong></span> <span class='ocrx_word' id='word_1_277' title='bbox 1168 2648 1229 2683; x_wconf 88' lang='lat' dir='ltr'><strong>sub</strong></span> <span class='ocrx_word' id='word_1_278' title='bbox 1248 2649 1300 2682; x_wconf 80' lang='lat' dir='ltr'><strong>his</strong></span> <span class='ocrx_word' id='word_1_279' title='bbox 1324 2650 1437 2692; x_wconf 87' lang='lat' dir='ltr'><strong>Impe-</strong></span> 
     </span>
     <span class='ocr_line' id='line_1_62' title="bbox 771 2694 1437 2742; baseline -0.012 -9"><span class='ocrx_word' id='word_1_280' title='bbox 771 2698 964 2740; x_wconf 70' lang='lat' dir='ltr'><strong>rarmibus,</strong></span> <span class='ocrx_word' id='word_1_281' title='bbox 988 2708 1056 2733; x_wconf 86' lang='lat' dir='ltr'><strong>non</strong></span> <span class='ocrx_word' id='word_1_282' title='bbox 1076 2694 1204 2742; x_wconf 84' lang='lat' dir='ltr'><strong>potest,</strong></span> <span class='ocrx_word' id='word_1_283' title='bbox 1235 2704 1334 2739; x_wconf 74' lang='lat' dir='ltr'><strong>puto,</strong></span> <span class='ocrx_word' id='word_1_284' title='bbox 1357 2703 1437 2738; x_wconf 87' lang='lat' dir='ltr'><strong>pro-</strong></span> 
     </span>
    </p>
   </div>
   <div class='ocr_carea' id='block_1_27' title="bbox 51 2745 859 2792">
    <p class='ocr_par' dir='ltr' id='par_1_31' title="bbox 51 2745 859 2792">
     <span class='ocr_line' id='line_1_63' title="bbox 51 2745 859 2792; baseline -0.005 -10"><span class='ocrx_word' id='word_1_285' title='bbox 51 2749 278 2792; x_wconf 74' lang='lat' dir='ltr'><strong>spec&#39;larionem</strong></span> <span class='ocrx_word' id='word_1_286' title='bbox 335 2758 467 2791; x_wconf 78' lang='lat' dir='ltr'><strong>gravem</strong></span> <span class='ocrx_word' id='word_1_287' title='bbox 516 2747 729 2789; x_wconf 70' lang='lat' dir='ltr'><strong>adverfizriam</strong></span> <span class='ocrx_word' id='word_1_288' title='bbox 772 2745 859 2780; x_wconf 79' lang='lat' dir='ltr'><strong>bari.</strong></span> 
     </span>
    </p>
   </div>
  </div>
 </body>
</html>
