<?xml version="1.0" encoding="UTF-8"?>
<!DOCTYPE html PUBLIC "-//W3C//DTD XHTML 1.0 Transitional//EN"
    "http://www.w3.org/TR/xhtml1/DTD/xhtml1-transitional.dtd">
<html xmlns="http://www.w3.org/1999/xhtml" xml:lang="en" lang="en">
 <head>
  <title>
</title>
<meta http-equiv="Content-Type" content="text/html;charset=utf-8" />
  <meta name='ocr-system' content='tesseract 3.04.00' />
  <meta name='ocr-capabilities' content='ocr_page ocr_carea ocr_par ocr_line ocrx_word'/>
</head>
<body>
  <div class='ocr_page' id='page_1' title='image "./quaeexstantvarie00clauuoft_0107.png"; bbox 0 0 1612 2948; ppageno 0'>
   <div class='ocr_carea' id='block_1_1' title="bbox 253 127 1389 179">
    <p class='ocr_par' dir='ltr' id='par_1_1' title="bbox 253 127 1389 179">
     <span class='ocr_line' id='line_1_1' title="bbox 253 127 1389 179; baseline -0.002 -7"><span class='ocrx_word' id='word_1_1' title='bbox 253 127 343 172; x_wconf 88' lang='lat' dir='ltr'>CL.</span> <span class='ocrx_word' id='word_1_2' title='bbox 372 128 606 172; x_wconf 87' lang='lat' dir='ltr'><strong>CLAUD.</strong></span> <span class='ocrx_word' id='word_1_3' title='bbox 636 128 699 173; x_wconf 88' lang='lat' dir='ltr'>IV</span> <span class='ocrx_word' id='word_1_4' title='bbox 757 130 830 172; x_wconf 90' lang='lat' dir='ltr'>IN</span> <span class='ocrx_word' id='word_1_5' title='bbox 878 128 1195 172; x_wconf 86' lang='lat' dir='ltr'><strong>RUFINUM</strong></span> <span class='ocrx_word' id='word_1_6' title='bbox 1342 144 1389 179; x_wconf 78' lang='lat'>43</span> 
     </span>
    </p>
   </div>
   <div class='ocr_carea' id='block_1_2' title="bbox 92 226 1308 1201">
    <p class='ocr_par' dir='ltr' id='par_1_2' title="bbox 92 226 1308 1201">
     <span class='ocr_line' id='line_1_2' title="bbox 203 226 1256 284; baseline 0 -15"><span class='ocrx_word' id='word_1_7' title='bbox 203 226 388 283; x_wconf 86' lang='lat' dir='ltr'><strong>Alpheus</strong></span> <span class='ocrx_word' id='word_1_8' title='bbox 415 227 497 268; x_wconf 77' lang='lat' dir='ltr'>late</span> <span class='ocrx_word' id='word_1_9' title='bbox 527 227 686 275; x_wconf 83' lang='lat' dir='ltr'>rubuit,</span> <span class='ocrx_word' id='word_1_10' title='bbox 727 226 989 283; x_wconf 81' lang='lat' dir='ltr'>Siculumque</span> <span class='ocrx_word' id='word_1_11' title='bbox 1021 241 1094 282; x_wconf 84' lang='lat' dir='ltr'>per</span> <span class='ocrx_word' id='word_1_12' title='bbox 1113 240 1256 284; x_wconf 82' lang='lat' dir='ltr'>aequot</span> 
     </span>
     <span class='ocr_line' id='line_1_3' title="bbox 94 321 1087 378; baseline 0.003 -18"><span class='ocrx_word' id='word_1_13' title='bbox 94 332 138 361; x_wconf 86' lang='lat'>10</span> <span class='ocrx_word' id='word_1_14' title='bbox 253 321 504 378; x_wconf 86' lang='lat' dir='ltr'>Sanguineas</span> <span class='ocrx_word' id='word_1_15' title='bbox 523 323 621 364; x_wconf 83' lang='lat' dir='ltr'>belli</span> <span class='ocrx_word' id='word_1_16' title='bbox 653 324 811 365; x_wconf 69' lang='lat' dir='ltr'>rettulit</span> <span class='ocrx_word' id='word_1_17' title='bbox 833 324 939 364; x_wconf 88' lang='lat' dir='ltr'>unda</span> <span class='ocrx_word' id='word_1_18' title='bbox 955 331 1087 365; x_wconf 85' lang='lat' dir='ltr'>notas.</span> 
     </span>
     <span class='ocr_line' id='line_1_4' title="bbox 201 410 1270 468; baseline 0 -15"><span class='ocrx_word' id='word_1_19' title='bbox 201 410 468 466; x_wconf 84' lang='lat' dir='ltr'>Agnovitque</span> <span class='ocrx_word' id='word_1_20' title='bbox 488 425 620 452; x_wconf 85' lang='lat' dir='ltr'>novos</span> <span class='ocrx_word' id='word_1_21' title='bbox 645 412 784 453; x_wconf 83' lang='lat' dir='ltr'>absens</span> <span class='ocrx_word' id='word_1_22' title='bbox 806 412 1004 454; x_wconf 83' lang='lat' dir='ltr'>Arethusa</span> <span class='ocrx_word' id='word_1_23' title='bbox 1024 412 1270 468; x_wconf 84' lang='lat' dir='ltr'>triumphos,</span> 
     </span>
     <span class='ocr_line' id='line_1_5' title="bbox 255 503 1169 548; baseline 0.001 -2"><span class='ocrx_word' id='word_1_24' title='bbox 255 505 309 547; x_wconf 80' lang='lat' dir='ltr'>Et</span> <span class='ocrx_word' id='word_1_25' title='bbox 336 503 523 546; x_wconf 81' lang='lat' dir='ltr'>Geticam</span> <span class='ocrx_word' id='word_1_26' title='bbox 559 504 676 547; x_wconf 74' lang='lat' dir='ltr'>sensu:</span> <span class='ocrx_word' id='word_1_27' title='bbox 703 505 804 548; x_wconf 84' lang='lat' dir='ltr'><strong>teste</strong></span> <span class='ocrx_word' id='word_1_28' title='bbox 833 520 979 547; x_wconf 84' lang='lat' dir='ltr'>cruore</span> <span class='ocrx_word' id='word_1_29' title='bbox 1010 519 1169 547; x_wconf 87' lang='lat' dir='ltr'>necem.</span> 
     </span>
     <span class='ocr_line' id='line_1_6' title="bbox 202 594 1140 644; baseline 0.001 -8"><span class='ocrx_word' id='word_1_30' title='bbox 202 594 434 644; x_wconf 74' lang='lat' dir='ltr'><strong>Immenfis,</strong></span> <span class='ocrx_word' id='word_1_31' title='bbox 463 595 649 644; x_wconf 84' lang='lat' dir='ltr'>Stilicho,</span> <span class='ocrx_word' id='word_1_32' title='bbox 677 597 892 638; x_wconf 81' lang='lat' dir='ltr'><strong>succedant</strong></span> <span class='ocrx_word' id='word_1_33' title='bbox 912 597 996 637; x_wconf 83' lang='lat' dir='ltr'>otia</span> <span class='ocrx_word' id='word_1_34' title='bbox 1018 599 1140 644; x_wconf 81' lang='lat' dir='ltr'><strong>curis,</strong></span> 
     </span>
     <span class='ocr_line' id='line_1_7' title="bbox 251 686 1126 743; baseline 0 -16"><span class='ocrx_word' id='word_1_35' title='bbox 251 686 306 727; x_wconf 76' lang='lat' dir='ltr'>Et</span> <span class='ocrx_word' id='word_1_36' title='bbox 323 687 469 729; x_wconf 86' lang='lat' dir='ltr'>nostrae</span> <span class='ocrx_word' id='word_1_37' title='bbox 491 689 651 743; x_wconf 82' lang='lat' dir='ltr'>patiens</span> <span class='ocrx_word' id='word_1_38' title='bbox 672 688 793 728; x_wconf 85' lang='lat' dir='ltr'>corda</span> <span class='ocrx_word' id='word_1_39' title='bbox 813 688 977 728; x_wconf 77' lang='lat' dir='ltr'>remitte</span> <span class='ocrx_word' id='word_1_40' title='bbox 1007 687 1126 742; x_wconf 76' lang='lat' dir='ltr'>lyrae.</span> 
     </span>
     <span class='ocr_line' id='line_1_8' title="bbox 92 779 1167 837; baseline -0.003 -13"><span class='ocrx_word' id='word_1_41' title='bbox 92 790 132 831; x_wconf 68' lang='grc' dir='ltr'>ῖς</span> <span class='ocrx_word' id='word_1_42' title='bbox 202 781 291 824; x_wconf 86' lang='lat' dir='ltr'>Nee</span> <span class='ocrx_word' id='word_1_43' title='bbox 317 782 468 837; x_wconf 82' lang='lat' dir='ltr'>pudeat</span> <span class='ocrx_word' id='word_1_44' title='bbox 507 783 657 836; x_wconf 82' lang='lat' dir='ltr'>longos</span> <span class='ocrx_word' id='word_1_45' title='bbox 692 779 950 837; x_wconf 81' lang='lat' dir='ltr'>interrupiffe</span> <span class='ocrx_word' id='word_1_46' title='bbox 991 781 1167 830; x_wconf 77' lang='lat' dir='ltr'>labores,</span> 
     </span>
     <span class='ocr_line' id='line_1_9' title="bbox 258 871 1133 915; baseline -0.002 0"><span class='ocrx_word' id='word_1_47' title='bbox 258 874 312 915; x_wconf 84' lang='lat' dir='ltr'>Et</span> <span class='ocrx_word' id='word_1_48' title='bbox 331 880 498 915; x_wconf 87' lang='lat' dir='ltr'><strong>tenuem</strong></span> <span class='ocrx_word' id='word_1_49' title='bbox 528 872 651 914; x_wconf 83' lang='lat' dir='ltr'><strong>Mufis</strong></span> <span class='ocrx_word' id='word_1_50' title='bbox 681 871 929 915; x_wconf 74' lang='lat' dir='ltr'>constituifl&#39;e</span> <span class='ocrx_word' id='word_1_51' title='bbox 962 886 1133 914; x_wconf 79' lang='lat' dir='ltr'>moram.</span> 
     </span>
     <span class='ocr_line' id='line_1_10' title="bbox 206 960 1308 1018; baseline -0.003 -13"><span class='ocrx_word' id='word_1_52' title='bbox 206 963 356 1005; x_wconf 82' lang='lat' dir='ltr'><strong>Fertur</strong></span> <span class='ocrx_word' id='word_1_53' title='bbox 376 961 419 1004; x_wconf 84' lang='lat'>&amp;</span> <span class='ocrx_word' id='word_1_54' title='bbox 439 963 662 1005; x_wconf 73' lang='lat' dir='ltr'>indomitus</span> <span class='ocrx_word' id='word_1_55' title='bbox 682 963 846 1004; x_wconf 86' lang='lat' dir='ltr'>tandem</span> <span class='ocrx_word' id='word_1_56' title='bbox 868 961 957 1018; x_wconf 81' lang='lat' dir='ltr'>post</span> <span class='ocrx_word' id='word_1_57' title='bbox 977 962 1119 1017; x_wconf 81' lang='lat' dir='ltr'>praelia</span> <span class='ocrx_word' id='word_1_58' title='bbox 1141 960 1308 1003; x_wconf 76' lang='lat' dir='ltr'>Mavors</span> 
     </span>
     <span class='ocr_line' id='line_1_11' title="bbox 255 1051 1248 1109; baseline 0 -16"><span class='ocrx_word' id='word_1_59' title='bbox 255 1051 369 1093; x_wconf 85' lang='lat' dir='ltr'>Laffa</span> <span class='ocrx_word' id='word_1_60' title='bbox 394 1066 468 1108; x_wconf 83' lang='lat' dir='ltr'>per</span> <span class='ocrx_word' id='word_1_61' title='bbox 497 1052 687 1109; x_wconf 83' lang='lat' dir='ltr'>Odryfias</span> <span class='ocrx_word' id='word_1_62' title='bbox 713 1053 884 1095; x_wconf 83' lang='lat' dir='ltr'>fundere</span> <span class='ocrx_word' id='word_1_63' title='bbox 914 1053 1094 1094; x_wconf 77' lang='lat' dir='ltr'>membra</span> <span class='ocrx_word' id='word_1_64' title='bbox 1114 1053 1248 1102; x_wconf 79' lang='lat' dir='ltr'><strong>nives,</strong></span> 
     </span>
     <span class='ocr_line' id='line_1_12' title="bbox 202 1137 1116 1201; baseline -0.002 -13"><span class='ocrx_word' id='word_1_65' title='bbox 202 1145 442 1201; x_wconf 77' lang='lat' dir='ltr'>Oblitusque</span> <span class='ocrx_word' id='word_1_66' title='bbox 464 1144 535 1192; x_wconf 81' lang='lat' dir='ltr'>sui,</span> <span class='ocrx_word' id='word_1_67' title='bbox 562 1144 689 1200; x_wconf 84' lang='lat' dir='ltr'>pofita</span> <span class='ocrx_word' id='word_1_68' title='bbox 720 1137 965 1187; x_wconf 80' lang='lat' dir='ltr'>clementior</span> <span class='ocrx_word' id='word_1_69' title='bbox 994 1144 1116 1193; x_wconf 81' lang='lat' dir='ltr'>hasta,</span> 
     </span>
    </p>
   </div>
   <div class='ocr_carea' id='block_1_3' title="bbox 92 1237 952 1294">
    <p class='ocr_par' dir='ltr' id='par_1_3' title="bbox 92 1237 952 1294">
     <span class='ocr_line' id='line_1_13' title="bbox 92 1237 952 1294; baseline -0.002 -14"><span class='ocrx_word' id='word_1_70' title='bbox 92 1251 141 1280; x_wconf 88' lang='lat'>20</span> <span class='ocrx_word' id='word_1_71' title='bbox 255 1238 401 1281; x_wconf 81' lang='lat' dir='ltr'><strong>Pieriis</strong></span> <span class='ocrx_word' id='word_1_72' title='bbox 429 1251 547 1280; x_wconf 83' lang='lat' dir='ltr'>aures</span> <span class='ocrx_word' id='word_1_73' title='bbox 567 1237 783 1294; x_wconf 78' lang='lat' dir='ltr'>pacificare</span> <span class='ocrx_word' id='word_1_74' title='bbox 805 1239 952 1280; x_wconf 84' lang='lat' dir='ltr'>modis.</span> 
     </span>
    </p>
   </div>
   <div class='ocr_carea' id='block_1_4' title="bbox 471 1473 1137 2034">
    <p class='ocr_par' dir='ltr' id='par_1_4' title="bbox 471 1473 1137 2034">
     <span class='ocr_line' id='line_1_14' title="bbox 471 1473 1137 2034; baseline 0 914"><span class='ocrx_word' id='word_1_75' title='bbox 471 1473 1137 2034; x_wconf 95' lang='lat' dir='ltr'> </span> 
     </span>
    </p>
   </div>
   <div class='ocr_carea' id='block_1_5' title="bbox 139 2375 1431 2470">
    <p class='ocr_par' dir='ltr' id='par_1_5' title="bbox 139 2375 1431 2470">
     <span class='ocr_line' id='line_1_15' title="bbox 139 2375 1431 2425; baseline -0.005 -9"><span class='ocrx_word' id='word_1_76' title='bbox 139 2389 178 2418; x_wconf 82' lang='lat'>12</span> <span class='ocrx_word' id='word_1_77' title='bbox 200 2379 366 2418; x_wconf 77' lang='lat' dir='ltr'>Gildonis</span> <span class='ocrx_word' id='word_1_78' title='bbox 388 2381 541 2425; x_wconf 79' lang='lat' dir='ltr'><em>Vie.13as.</em></span> <span class='ocrx_word' id='word_1_79' title='bbox 556 2380 614 2425; x_wconf 81' lang='lat' dir='ltr'>sed</span> <span class='ocrx_word' id='word_1_80' title='bbox 625 2380 667 2412; x_wconf 83' lang='lat' dir='ltr'>Et</span> <span class='ocrx_word' id='word_1_81' title='bbox 678 2377 837 2412; x_wconf 82' lang='lat' dir='ltr'>Geticam</span> <span class='ocrx_word' id='word_1_82' title='bbox 849 2375 919 2420; x_wconf 78' lang='lat' dir='ltr'>jam</span> <span class='ocrx_word' id='word_1_83' title='bbox 946 2376 1133 2422; x_wconf 78' lang='lat' dir='ltr'><em>Vien.quod</em></span> <span class='ocrx_word' id='word_1_84' title='bbox 1149 2375 1431 2422; x_wconf 58' lang='lat' dir='ltr'>probavitcmver.</span> 
     </span>
     <span class='ocr_line' id='line_1_16' title="bbox 609 2423 960 2470; baseline -0.011 -11"><span class='ocrx_word' id='word_1_85' title='bbox 609 2435 649 2470; x_wconf 88' lang='lat'>19</span> <span class='ocrx_word' id='word_1_86' title='bbox 671 2424 723 2458; x_wconf 85' lang='lat' dir='ltr'>ira</span> <span class='ocrx_word' id='word_1_87' title='bbox 749 2424 830 2466; x_wconf 80' lang='lat' dir='ltr'>conj.</span> <span class='ocrx_word' id='word_1_88' title='bbox 851 2423 960 2463; x_wconf 71' lang='lat' dir='ltr'><strong><em>Cujac.</em></strong></span> 
     </span>
    </p>
   </div>
   <div class='ocr_carea' id='block_1_6' title="bbox 92 2524 1479 2708">
    <p class='ocr_par' dir='ltr' id='par_1_6' title="bbox 92 2524 1479 2708">
     <span class='ocr_line' id='line_1_17' title="bbox 140 2524 1477 2572; baseline -0.005 -9"><span class='ocrx_word' id='word_1_89' title='bbox 140 2537 164 2571; x_wconf 90' lang='grc'>9</span> <span class='ocrx_word' id='word_1_90' title='bbox 187 2527 383 2562; x_wconf 74' lang='lat' dir='ltr'>Hic-alludi</span> <span class='ocrx_word' id='word_1_91' title='bbox 402 2527 446 2562; x_wconf 78' lang='lat' dir='ltr'>ad</span> <span class='ocrx_word' id='word_1_92' title='bbox 465 2527 626 2572; x_wconf 75' lang='lat' dir='ltr'>praelium</span> <span class='ocrx_word' id='word_1_93' title='bbox 638 2526 759 2560; x_wconf 75' lang='lat' dir='ltr'>navale</span> <span class='ocrx_word' id='word_1_94' title='bbox 804 2526 834 2560; x_wconf 80' lang='lat' dir='ltr'>ri</span> <span class='ocrx_word' id='word_1_95' title='bbox 863 2534 1014 2560; x_wconf 83' lang='lat' dir='ltr'>meatum</span> <span class='ocrx_word' id='word_1_96' title='bbox 1042 2524 1192 2569; x_wconf 81' lang='lat' dir='ltr'><strong>Alphei,</strong></span> <span class='ocrx_word' id='word_1_97' title='bbox 1237 2530 1477 2569; x_wconf 80' lang='lat' dir='ltr'>erumpentem</span> 
     </span>
     <span class='ocr_line' id='line_1_18' title="bbox 96 2567 1479 2615; baseline -0.004 -9"><span class='ocrx_word' id='word_1_98' title='bbox 96 2572 258 2606; x_wconf 66' lang='lat' dir='ltr'>adversus</span> <span class='ocrx_word' id='word_1_99' title='bbox 279 2575 387 2614; x_wconf 82' lang='lat' dir='ltr'>Getas</span> <span class='ocrx_word' id='word_1_100' title='bbox 405 2573 426 2607; x_wconf 90' lang='lat' dir='ltr'>s.</span> <span class='ocrx_word' id='word_1_101' title='bbox 446 2572 582 2608; x_wconf 81' lang='lat' dir='ltr'>Gothos</span> <span class='ocrx_word' id='word_1_102' title='bbox 600 2573 654 2607; x_wconf 81' lang='lat' dir='ltr'>his</span> <span class='ocrx_word' id='word_1_103' title='bbox 677 2572 762 2606; x_wconf 83' lang='lat' dir='ltr'>locis</span> <span class='ocrx_word' id='word_1_104' title='bbox 806 2572 842 2605; x_wconf 79' lang='lat' dir='ltr'>in</span> <span class='ocrx_word' id='word_1_105' title='bbox 867 2570 1042 2605; x_wconf 80' lang='lat' dir='ltr'>Arethusae</span> <span class='ocrx_word' id='word_1_106' title='bbox 1070 2570 1165 2604; x_wconf 84' lang='lat' dir='ltr'>fonte</span> <span class='ocrx_word' id='word_1_107' title='bbox 1202 2569 1246 2603; x_wconf 88' lang='lat' dir='ltr'>ad</span> <span class='ocrx_word' id='word_1_108' title='bbox 1284 2567 1479 2615; x_wconf 77' lang='lat' dir='ltr'>Syracusas,</span> 
     </span>
     <span class='ocr_line' id='line_1_19' title="bbox 93 2613 1479 2662; baseline -0.003 -11"><span class='ocrx_word' id='word_1_109' title='bbox 93 2615 325 2659; x_wconf 74' lang='lat' dir='ltr'>commjss&#39;um,</span> <span class='ocrx_word' id='word_1_110' title='bbox 376 2627 443 2653; x_wconf 86' lang='lat' dir='ltr'>atet</span> <span class='ocrx_word' id='word_1_111' title='bbox 464 2631 482 2653; x_wconf 85' lang='lat' dir='ltr'>e</span> <span class='ocrx_word' id='word_1_112' title='bbox 505 2630 577 2653; x_wconf 76' lang='lat' dir='ltr'>v.11</span> <span class='ocrx_word' id='word_1_113' title='bbox 599 2619 682 2652; x_wconf 77' lang='lat'>&amp;12</span> <span class='ocrx_word' id='word_1_114' title='bbox 701 2617 764 2651; x_wconf 90' lang='lat' dir='ltr'>ubi</span> <span class='ocrx_word' id='word_1_115' title='bbox 807 2617 946 2662; x_wconf 82' lang='lat' dir='ltr'>sanguis</span> <span class='ocrx_word' id='word_1_116' title='bbox 973 2627 1127 2662; x_wconf 81' lang='lat' dir='ltr'>eousque</span> <span class='ocrx_word' id='word_1_117' title='bbox 1160 2614 1296 2649; x_wconf 78' lang='lat' dir='ltr'>delatus</span> <span class='ocrx_word' id='word_1_118' title='bbox 1329 2613 1394 2649; x_wconf 70' lang='lat' dir='ltr'>ess‘e</span> <span class='ocrx_word' id='word_1_119' title='bbox 1424 2613 1479 2647; x_wconf 78' lang='lat' dir='ltr'>di-</span> 
     </span>
     <span class='ocr_line' id='line_1_20' title="bbox 92 2661 915 2708; baseline 0 -12"><span class='ocrx_word' id='word_1_120' title='bbox 92 2673 158 2708; x_wconf 72' lang='lat' dir='ltr'>per</span> <span class='ocrx_word' id='word_1_121' title='bbox 175 2663 277 2698; x_wconf 85' lang='lat' dir='ltr'><strong>illum</strong></span> <span class='ocrx_word' id='word_1_122' title='bbox 289 2661 332 2698; x_wconf 82' lang='lat' dir='ltr'>ab</span> <span class='ocrx_word' id='word_1_123' title='bbox 362 2663 476 2701; x_wconf 82' lang='lat' dir='ltr'>rusum</span> <span class='ocrx_word' id='word_1_124' title='bbox 495 2662 556 2698; x_wconf 86' lang='lat' dir='ltr'>sub</span> <span class='ocrx_word' id='word_1_125' title='bbox 573 2664 678 2708; x_wconf 82' lang='lat' dir='ltr'>Jonio</span> <span class='ocrx_word' id='word_1_126' title='bbox 695 2673 768 2697; x_wconf 79' lang='lat' dir='ltr'>ma-</span> <span class='ocrx_word' id='word_1_127' title='bbox 810 2663 915 2697; x_wconf 80' lang='lat' dir='ltr'><strong>citur.</strong></span> 
     </span>
    </p>
   </div>
  </div>
 </body>
</html>
