<?xml version="1.0" encoding="UTF-8"?>
<!DOCTYPE html PUBLIC "-//W3C//DTD XHTML 1.0 Transitional//EN"
    "http://www.w3.org/TR/xhtml1/DTD/xhtml1-transitional.dtd">
<html xmlns="http://www.w3.org/1999/xhtml" xml:lang="en" lang="en">
 <head>
  <title>
</title>
<meta http-equiv="Content-Type" content="text/html;charset=utf-8" />
  <meta name='ocr-system' content='tesseract 3.04.00' />
  <meta name='ocr-capabilities' content='ocr_page ocr_carea ocr_par ocr_line ocrx_word'/>
</head>
<body>
  <div class='ocr_page' id='page_1' title='image "./quaeexstantvarie00clauuoft_0160.png"; bbox 0 0 1612 2948; ppageno 0'>
   <div class='ocr_carea' id='block_1_1' title="bbox 213 115 1172 172">
    <p class='ocr_par' dir='ltr' id='par_1_1' title="bbox 213 115 1172 172">
     <span class='ocr_line' id='line_1_1' title="bbox 213 115 1172 172; baseline -0.001 -11"><span class='ocrx_word' id='word_1_1' title='bbox 213 135 266 172; x_wconf 78' lang='lat'>94</span> <span class='ocrx_word' id='word_1_2' title='bbox 515 117 601 161; x_wconf 84' lang='lat' dir='ltr'>CL.</span> <span class='ocrx_word' id='word_1_3' title='bbox 629 115 1010 160; x_wconf 69' lang='lat' dir='ltr'><strong>CLAUDIAM</strong></span> <span class='ocrx_word' id='word_1_4' title='bbox 1065 119 1172 162; x_wconf 78' lang='lat' dir='ltr'>vm</span> 
     </span>
    </p>
   </div>
   <div class='ocr_carea' id='block_1_2' title="bbox 126 215 1345 1754">
    <p class='ocr_par' dir='ltr' id='par_1_2' title="bbox 131 215 1345 1087">
     <span class='ocr_line' id='line_1_2' title="bbox 237 215 1300 260; baseline -0.002 0"><span class='ocrx_word' id='word_1_5' title='bbox 237 218 461 260; x_wconf 81' lang='lat' dir='ltr'>Praesentes</span> <span class='ocrx_word' id='word_1_6' title='bbox 488 217 664 257; x_wconf 86' lang='lat' dir='ltr'>docuere</span> <span class='ocrx_word' id='word_1_7' title='bbox 691 215 814 257; x_wconf 83' lang='lat' dir='ltr'>Deos.</span> <span class='ocrx_word' id='word_1_8' title='bbox 844 216 941 257; x_wconf 89' lang='lat' dir='ltr'>hinc</span> <span class='ocrx_word' id='word_1_9' title='bbox 974 215 1120 258; x_wconf 80' lang='lat' dir='ltr'>saecula</span> <span class='ocrx_word' id='word_1_10' title='bbox 1148 216 1300 258; x_wconf 78' lang='lat' dir='ltr'>discant</span> 
     </span>
     <span class='ocr_line' id='line_1_3' title="bbox 134 287 1278 344; baseline -0.002 -12"><span class='ocrx_word' id='word_1_11' title='bbox 134 306 206 334; x_wconf 80' lang='lat'>100</span> <span class='ocrx_word' id='word_1_12' title='bbox 245 293 494 333; x_wconf 80' lang='lat' dir='ltr'>Indomitum</span> <span class='ocrx_word' id='word_1_13' title='bbox 521 290 627 330; x_wconf 81' lang='lat' dir='ltr'><strong>nihil</strong></span> <span class='ocrx_word' id='word_1_14' title='bbox 654 287 733 329; x_wconf 87' lang='lat' dir='ltr'>esse</span> <span class='ocrx_word' id='word_1_15' title='bbox 762 290 856 344; x_wconf 89' lang='lat' dir='ltr'>pio,</span> <span class='ocrx_word' id='word_1_16' title='bbox 882 297 1068 331; x_wconf 82' lang='lat' dir='ltr'>tutumve</span> <span class='ocrx_word' id='word_1_17' title='bbox 1097 292 1278 332; x_wconf 76' lang='lat' dir='ltr'><strong>nocenti.</strong></span> 
     </span>
     <span class='ocr_line' id='line_1_4' title="bbox 242 365 1182 421; baseline -0.001 -13"><span class='ocrx_word' id='word_1_18' title='bbox 242 367 423 411; x_wconf 82' lang='lat' dir='ltr'>Nuntius</span> <span class='ocrx_word' id='word_1_19' title='bbox 462 365 543 420; x_wconf 78' lang='lat' dir='ltr'>ipse</span> <span class='ocrx_word' id='word_1_20' title='bbox 572 365 631 406; x_wconf 84' lang='lat' dir='ltr'>sui</span> <span class='ocrx_word' id='word_1_21' title='bbox 658 366 802 420; x_wconf 87' lang='lat' dir='ltr'>longas</span> <span class='ocrx_word' id='word_1_22' title='bbox 831 365 1067 420; x_wconf 82' lang='lat' dir='ltr'>incognitus</span> <span class='ocrx_word' id='word_1_23' title='bbox 1096 368 1182 421; x_wconf 81' lang='lat' dir='ltr'>egit</span> 
     </span>
     <span class='ocr_line' id='line_1_5' title="bbox 245 440 1234 495; baseline -0.001 -14"><span class='ocrx_word' id='word_1_24' title='bbox 245 441 460 484; x_wconf 69' lang='lat' dir='ltr'>praevento</span> <span class='ocrx_word' id='word_1_25' title='bbox 482 453 645 481; x_wconf 85' lang='lat' dir='ltr'>rumore</span> <span class='ocrx_word' id='word_1_26' title='bbox 667 440 765 480; x_wconf 85' lang='lat' dir='ltr'>vias.</span> <span class='ocrx_word' id='word_1_27' title='bbox 794 440 988 494; x_wconf 81' lang='lat' dir='ltr'>inopinus</span> <span class='ocrx_word' id='word_1_28' title='bbox 1016 447 1234 495; x_wconf 84' lang='lat' dir='ltr'>utrumque</span> 
     </span>
     <span class='ocr_line' id='line_1_6' title="bbox 245 515 1341 571; baseline -0.002 -13"><span class='ocrx_word' id='word_1_29' title='bbox 245 516 444 563; x_wconf 83' lang='lat' dir='ltr'>Perculit,</span> <span class='ocrx_word' id='word_1_30' title='bbox 474 515 517 558; x_wconf 61' lang='grc' dir='ltr'>δέ</span> <span class='ocrx_word' id='word_1_31' title='bbox 538 515 691 556; x_wconf 82' lang='lat' dir='ltr'>clausos</span> <span class='ocrx_word' id='word_1_32' title='bbox 720 523 904 563; x_wconf 78' lang='lat' dir='ltr'>montes,</span> <span class='ocrx_word' id='word_1_33' title='bbox 935 523 981 556; x_wconf 82' lang='lat' dir='ltr'>ut</span> <span class='ocrx_word' id='word_1_34' title='bbox 1004 516 1134 570; x_wconf 82' lang='lat' dir='ltr'>plana,</span> <span class='ocrx_word' id='word_1_35' title='bbox 1163 517 1341 571; x_wconf 81' lang='lat' dir='ltr'>reliquit.</span> 
     </span>
     <span class='ocr_line' id='line_1_7' title="bbox 295 574 1345 641; baseline -0.002 -12"><span class='ocrx_word' id='word_1_36' title='bbox 295 587 500 630; x_wconf 78' lang='lat' dir='ltr'>Exstruite</span> <span class='ocrx_word' id='word_1_37' title='bbox 524 588 721 627; x_wconf 82' lang='lat' dir='ltr'>immanes</span> <span class='ocrx_word' id='word_1_38' title='bbox 750 574 959 641; x_wconf 86' lang='lat' dir='ltr'>scopulos,</span> <span class='ocrx_word' id='word_1_39' title='bbox 989 588 1165 628; x_wconf 80' lang='lat' dir='ltr'>attollite</span> <span class='ocrx_word' id='word_1_40' title='bbox 1196 595 1345 635; x_wconf 82' lang='lat' dir='ltr'>turres,</span> 
     </span>
     <span class='ocr_line' id='line_1_8' title="bbox 132 661 1235 717; baseline -0.001 -14"><span class='ocrx_word' id='word_1_41' title='bbox 132 674 195 712; x_wconf 69' lang='lat'>105</span> <span class='ocrx_word' id='word_1_42' title='bbox 236 661 402 717; x_wconf 83' lang='lat' dir='ltr'>cingite</span> <span class='ocrx_word' id='word_1_43' title='bbox 434 675 507 703; x_wconf 74' lang='lat' dir='ltr'>vos</span> <span class='ocrx_word' id='word_1_44' title='bbox 537 661 696 709; x_wconf 84' lang='lat' dir='ltr'>fluviis,</span> <span class='ocrx_word' id='word_1_45' title='bbox 724 662 851 702; x_wconf 76' lang='lat' dir='ltr'>vastas</span> <span class='ocrx_word' id='word_1_46' title='bbox 880 663 1077 717; x_wconf 76' lang='lat' dir='ltr'>opponite</span> <span class='ocrx_word' id='word_1_47' title='bbox 1107 661 1235 710; x_wconf 81' lang='lat' dir='ltr'>silvas,</span> 
     </span>
     <span class='ocr_line' id='line_1_9' title="bbox 242 735 1261 792; baseline -0.002 -14"><span class='ocrx_word' id='word_1_48' title='bbox 242 735 477 791; x_wconf 80' lang='lat' dir='ltr'>Garganum</span> <span class='ocrx_word' id='word_1_49' title='bbox 499 737 685 792; x_wconf 86' lang='lat' dir='ltr'>Alpinis,</span> <span class='ocrx_word' id='word_1_50' title='bbox 714 737 1060 792; x_wconf 84' lang='lat' dir='ltr'>Apenninumque</span> <span class='ocrx_word' id='word_1_51' title='bbox 1080 737 1261 776; x_wconf 73' lang='lat' dir='ltr'>nivalem</span> 
     </span>
     <span class='ocr_line' id='line_1_10' title="bbox 245 806 1246 865; baseline -0.002 -13"><span class='ocrx_word' id='word_1_52' title='bbox 245 810 448 852; x_wconf 84' lang='lat' dir='ltr'>Permistis</span> <span class='ocrx_word' id='word_1_53' title='bbox 477 810 624 852; x_wconf 84' lang='lat' dir='ltr'>sociate</span> <span class='ocrx_word' id='word_1_54' title='bbox 648 806 784 865; x_wconf 81' lang='lat' dir='ltr'>jugis,</span> <span class='ocrx_word' id='word_1_55' title='bbox 813 810 857 852; x_wconf 87' lang='lat'>&amp;</span> <span class='ocrx_word' id='word_1_56' title='bbox 886 812 1054 865; x_wconf 86' lang='lat' dir='ltr'>rupibus</span> <span class='ocrx_word' id='word_1_57' title='bbox 1078 810 1246 852; x_wconf 84' lang='lat' dir='ltr'>AEmum</span> 
     </span>
     <span class='ocr_line' id='line_1_11' title="bbox 237 882 1169 932; baseline -0.003 -6"><span class='ocrx_word' id='word_1_58' title='bbox 237 884 387 927; x_wconf 78' lang='lat' dir='ltr'>Addite</span> <span class='ocrx_word' id='word_1_59' title='bbox 407 883 628 932; x_wconf 80' lang='lat' dir='ltr'>Caucafiis,</span> <span class='ocrx_word' id='word_1_60' title='bbox 657 885 857 925; x_wconf 75' lang='lat' dir='ltr'>involvite</span> <span class='ocrx_word' id='word_1_61' title='bbox 877 884 1018 925; x_wconf 90' lang='lat' dir='ltr'>Pelion</span> <span class='ocrx_word' id='word_1_62' title='bbox 1049 882 1169 925; x_wconf 80' lang='lat' dir='ltr'>Offae.</span> 
     </span>
     <span class='ocr_line' id='line_1_12' title="bbox 244 958 1341 1015; baseline -0.002 -14"><span class='ocrx_word' id='word_1_63' title='bbox 244 961 339 1002; x_wconf 87' lang='lat' dir='ltr'>Non</span> <span class='ocrx_word' id='word_1_64' title='bbox 368 960 515 1000; x_wconf 84' lang='lat' dir='ltr'>dabitis</span> <span class='ocrx_word' id='word_1_65' title='bbox 540 973 701 1000; x_wconf 87' lang='lat' dir='ltr'>murum</span> <span class='ocrx_word' id='word_1_66' title='bbox 731 960 885 1000; x_wconf 83' lang='lat' dir='ltr'>sceleri.</span> <span class='ocrx_word' id='word_1_67' title='bbox 928 960 1000 1015; x_wconf 90' lang='lat' dir='ltr'>qui</span> <span class='ocrx_word' id='word_1_68' title='bbox 1029 959 1222 1007; x_wconf 80' lang='lat' dir='ltr'>vindicet,</span> <span class='ocrx_word' id='word_1_69' title='bbox 1252 958 1341 1000; x_wconf 86' lang='lat' dir='ltr'>ibit.</span> 
     </span>
     <span class='ocr_line' id='line_1_13' title="bbox 131 1031 1180 1087; baseline -0.001 -13"><span class='ocrx_word' id='word_1_70' title='bbox 131 1045 194 1074; x_wconf 84' lang='lat' dir='ltr'>uo</span> <span class='ocrx_word' id='word_1_71' title='bbox 248 1034 398 1075; x_wconf 88' lang='lat' dir='ltr'>Omnia</span> <span class='ocrx_word' id='word_1_72' title='bbox 437 1032 636 1074; x_wconf 74' lang='lat' dir='ltr'>subsident</span> <span class='ocrx_word' id='word_1_73' title='bbox 664 1034 825 1074; x_wconf 86' lang='lat' dir='ltr'>meliori</span> <span class='ocrx_word' id='word_1_74' title='bbox 855 1034 997 1087; x_wconf 85' lang='lat' dir='ltr'>pervia</span> <span class='ocrx_word' id='word_1_75' title='bbox 1025 1031 1180 1073; x_wconf 77' lang='lat' dir='ltr'>causs&#39;ae.</span> 
     </span>
    </p>

    <p class='ocr_par' dir='ltr' id='par_1_3' title="bbox 236 1105 1331 1386">
     <span class='ocr_line' id='line_1_14' title="bbox 298 1105 1331 1147; baseline 0 -1"><span class='ocrx_word' id='word_1_76' title='bbox 298 1106 386 1147; x_wconf 88' lang='lat' dir='ltr'>Nec</span> <span class='ocrx_word' id='word_1_77' title='bbox 419 1113 554 1146; x_wconf 87' lang='lat' dir='ltr'>tamen</span> <span class='ocrx_word' id='word_1_78' title='bbox 591 1106 742 1146; x_wconf 88' lang='lat' dir='ltr'>oblitus</span> <span class='ocrx_word' id='word_1_79' title='bbox 778 1107 912 1146; x_wconf 79' lang='lat' dir='ltr'>civem</span> <span class='ocrx_word' id='word_1_80' title='bbox 943 1105 1182 1146; x_wconf 84' lang='lat' dir='ltr'>cedentibus</span> <span class='ocrx_word' id='word_1_81' title='bbox 1210 1111 1331 1146; x_wconf 82' lang='lat' dir='ltr'>atrox</span> 
     </span>
     <span class='ocr_line' id='line_1_15' title="bbox 244 1178 1207 1236; baseline 0 -14"><span class='ocrx_word' id='word_1_82' title='bbox 244 1178 431 1222; x_wconf 81' lang='lat' dir='ltr'>Partibus</span> <span class='ocrx_word' id='word_1_83' title='bbox 469 1180 694 1222; x_wconf 87' lang='lat' dir='ltr'>infremuit.</span> <span class='ocrx_word' id='word_1_84' title='bbox 730 1194 815 1222; x_wconf 89' lang='lat' dir='ltr'>non</span> <span class='ocrx_word' id='word_1_85' title='bbox 839 1180 1031 1222; x_wconf 81' lang='lat' dir='ltr'>insultare</span> <span class='ocrx_word' id='word_1_86' title='bbox 1051 1182 1207 1236; x_wconf 81' lang='lat' dir='ltr'>jacenti</span> 
     </span>
     <span class='ocr_line' id='line_1_16' title="bbox 236 1255 1278 1311; baseline 0 -15"><span class='ocrx_word' id='word_1_87' title='bbox 236 1255 424 1297; x_wconf 80' lang='lat' dir='ltr'>Malebat.</span> <span class='ocrx_word' id='word_1_88' title='bbox 473 1257 585 1297; x_wconf 76' lang='lat' dir='ltr'>mitis</span> <span class='ocrx_word' id='word_1_89' title='bbox 616 1257 826 1311; x_wconf 82' lang='lat' dir='ltr'>precibus,</span> <span class='ocrx_word' id='word_1_90' title='bbox 863 1257 1028 1310; x_wconf 84' lang='lat' dir='ltr'>pietatis</span> <span class='ocrx_word' id='word_1_91' title='bbox 1058 1257 1278 1302; x_wconf 85' lang='lat' dir='ltr'>abundans,</span> 
     </span>
     <span class='ocr_line' id='line_1_17' title="bbox 239 1330 1234 1386; baseline -0.002 -14"><span class='ocrx_word' id='word_1_92' title='bbox 239 1330 381 1372; x_wconf 79' lang='lat' dir='ltr'>Poenae</span> <span class='ocrx_word' id='word_1_93' title='bbox 412 1344 558 1386; x_wconf 84' lang='lat' dir='ltr'>parcus</span> <span class='ocrx_word' id='word_1_94' title='bbox 587 1338 686 1372; x_wconf 82' lang='lat' dir='ltr'>erat.</span> <span class='ocrx_word' id='word_1_95' title='bbox 725 1331 816 1385; x_wconf 80' lang='lat' dir='ltr'>paci</span> <span class='ocrx_word' id='word_1_96' title='bbox 846 1344 929 1371; x_wconf 91' lang='lat' dir='ltr'>non</span> <span class='ocrx_word' id='word_1_97' title='bbox 960 1331 1100 1372; x_wconf 81' lang='lat' dir='ltr'>intulit</span> <span class='ocrx_word' id='word_1_98' title='bbox 1132 1332 1234 1370; x_wconf 82' lang='lat' dir='ltr'>iram</span> 
     </span>
    </p>

    <p class='ocr_par' dir='ltr' id='par_1_4' title="bbox 126 1405 1343 1754">
     <span class='ocr_line' id='line_1_18' title="bbox 126 1405 1289 1462; baseline -0.003 -15"><span class='ocrx_word' id='word_1_99' title='bbox 126 1417 185 1455; x_wconf 70' lang='lat'>¹15</span> <span class='ocrx_word' id='word_1_100' title='bbox 242 1405 333 1447; x_wconf 87' lang='lat' dir='ltr'>Post</span> <span class='ocrx_word' id='word_1_101' title='bbox 360 1406 481 1447; x_wconf 84' lang='lat' dir='ltr'>acies.</span> <span class='ocrx_word' id='word_1_102' title='bbox 522 1406 627 1447; x_wconf 90' lang='lat' dir='ltr'>odiis</span> <span class='ocrx_word' id='word_1_103' title='bbox 654 1407 786 1453; x_wconf 82' lang='lat' dir='ltr'>idem,</span> <span class='ocrx_word' id='word_1_104' title='bbox 836 1407 904 1462; x_wconf 90' lang='lat' dir='ltr'>qui</span> <span class='ocrx_word' id='word_1_105' title='bbox 926 1408 1124 1447; x_wconf 82' lang='lat' dir='ltr'>terminus</span> <span class='ocrx_word' id='word_1_106' title='bbox 1153 1406 1289 1445; x_wconf 77' lang='lat' dir='ltr'>armis.</span> 
     </span>
     <span class='ocr_line' id='line_1_19' title="bbox 239 1477 1343 1534; baseline -0.002 -14"><span class='ocrx_word' id='word_1_107' title='bbox 239 1479 398 1521; x_wconf 86' lang='lat' dir='ltr'>Profuit</span> <span class='ocrx_word' id='word_1_108' title='bbox 428 1478 507 1519; x_wconf 87' lang='lat' dir='ltr'>hoc</span> <span class='ocrx_word' id='word_1_109' title='bbox 536 1480 726 1520; x_wconf 79' lang='lat' dir='ltr'>vincente</span> <span class='ocrx_word' id='word_1_110' title='bbox 758 1480 868 1533; x_wconf 84' lang='lat' dir='ltr'>capi,</span> <span class='ocrx_word' id='word_1_111' title='bbox 906 1479 1132 1534; x_wconf 84' lang='lat' dir='ltr'>multosque</span> <span class='ocrx_word' id='word_1_112' title='bbox 1160 1477 1343 1519; x_wconf 55' lang='lat' dir='ltr'>subactos</span> 
     </span>
     <span class='ocr_line' id='line_1_20' title="bbox 236 1551 1188 1607; baseline -0.003 -14"><span class='ocrx_word' id='word_1_113' title='bbox 236 1551 429 1607; x_wconf 85' lang='lat' dir='ltr'>Prospera</span> <span class='ocrx_word' id='word_1_114' title='bbox 470 1551 613 1592; x_wconf 82' lang='lat' dir='ltr'>laturae</span> <span class='ocrx_word' id='word_1_115' title='bbox 652 1553 989 1592; x_wconf 77' lang='lat' dir='ltr'>commendavere</span> <span class='ocrx_word' id='word_1_116' title='bbox 1019 1560 1188 1592; x_wconf 55' lang='lat' dir='ltr'>catenae.</span> 
     </span>
     <span class='ocr_line' id='line_1_21' title="bbox 238 1625 1312 1681; baseline -0.002 -14"><span class='ocrx_word' id='word_1_117' title='bbox 238 1627 479 1681; x_wconf 80' lang='lat' dir='ltr'>Magnarum</span> <span class='ocrx_word' id='word_1_118' title='bbox 507 1626 678 1679; x_wconf 79' lang='lat' dir='ltr'>largitor</span> <span class='ocrx_word' id='word_1_119' title='bbox 711 1639 858 1680; x_wconf 87' lang='lat' dir='ltr'>opum,</span> <span class='ocrx_word' id='word_1_120' title='bbox 887 1626 1057 1680; x_wconf 83' lang='lat' dir='ltr'>largitor</span> <span class='ocrx_word' id='word_1_121' title='bbox 1084 1625 1312 1666; x_wconf 88' lang='lat' dir='ltr'>honorum:</span> 
     </span>
     <span class='ocr_line' id='line_1_22' title="bbox 235 1698 1318 1754; baseline -0.003 -13"><span class='ocrx_word' id='word_1_122' title='bbox 235 1699 393 1741; x_wconf 86' lang='lat' dir='ltr'>Pronus</span> <span class='ocrx_word' id='word_1_123' title='bbox 427 1698 470 1740; x_wconf 85' lang='lat'>&amp;</span> <span class='ocrx_word' id='word_1_124' title='bbox 499 1699 543 1739; x_wconf 87' lang='lat' dir='ltr'>in</span> <span class='ocrx_word' id='word_1_125' title='bbox 563 1699 711 1740; x_wconf 87' lang='lat' dir='ltr'>melius</span> <span class='ocrx_word' id='word_1_126' title='bbox 738 1700 920 1754; x_wconf 76' lang='lat' dir='ltr'>gaudens</span> <span class='ocrx_word' id='word_1_127' title='bbox 951 1706 1195 1740; x_wconf 81' lang='lat' dir='ltr'>convertere</span> <span class='ocrx_word' id='word_1_128' title='bbox 1223 1698 1318 1739; x_wconf 74' lang='lat' dir='ltr'>fata.</span> 
     </span>
    </p>
   </div>
   <div class='ocr_carea' id='block_1_3' title="bbox 1395 1771 1506 1815">
    <p class='ocr_par' dir='ltr' id='par_1_5' title="bbox 1395 1771 1506 1815">
     <span class='ocr_line' id='line_1_23' title="bbox 1395 1771 1506 1815; baseline -0.027 0"><span class='ocrx_word' id='word_1_129' title='bbox 1395 1771 1506 1815; x_wconf 86' lang='lat' dir='ltr'>Hinc</span> 
     </span>
    </p>
   </div>
   <div class='ocr_carea' id='block_1_4' title="bbox 126 1845 1508 2030">
    <p class='ocr_par' dir='ltr' id='par_1_6' title="bbox 131 1845 1508 1893">
     <span class='ocr_line' id='line_1_24' title="bbox 131 1845 1508 1893; baseline -0.003 -11"><span class='ocrx_word' id='word_1_130' title='bbox 131 1856 191 1883; x_wconf 79' lang='lat'>101</span> <span class='ocrx_word' id='word_1_131' title='bbox 216 1846 282 1881; x_wconf 81' lang='lat' dir='ltr'>suis</span> <span class='ocrx_word' id='word_1_132' title='bbox 301 1849 370 1891; x_wconf 69' lang='lat' dir='ltr'>Bas</span> <span class='ocrx_word' id='word_1_133' title='bbox 390 1847 448 1881; x_wconf 85' lang='lat' dir='ltr'>fibi</span> <span class='ocrx_word' id='word_1_134' title='bbox 468 1849 511 1882; x_wconf 75' lang='lat' dir='ltr'>id.</span> <span class='ocrx_word' id='word_1_135' title='bbox 530 1860 633 1892; x_wconf 80' lang='lat' dir='ltr'>marg.</span> <span class='ocrx_word' id='word_1_136' title='bbox 726 1857 786 1891; x_wconf 99' lang='grc'>107</span> <span class='ocrx_word' id='word_1_137' title='bbox 811 1847 987 1893; x_wconf 78' lang='lat' dir='ltr'>permitto,</span> <span class='ocrx_word' id='word_1_138' title='bbox 1009 1845 1202 1892; x_wconf 80' lang='lat' dir='ltr'>permittes,</span> <span class='ocrx_word' id='word_1_139' title='bbox 1229 1846 1403 1891; x_wconf 81' lang='lat' dir='ltr'>permites,</span> <span class='ocrx_word' id='word_1_140' title='bbox 1428 1855 1508 1890; x_wconf 80' lang='lat' dir='ltr'>per-</span> 
     </span>
    </p>

    <p class='ocr_par' dir='ltr' id='par_1_7' title="bbox 128 1892 1504 1939">
     <span class='ocr_line' id='line_1_25' title="bbox 128 1892 1504 1939; baseline -0.001 -13"><span class='ocrx_word' id='word_1_141' title='bbox 128 1894 277 1935; x_wconf 82' lang='lat' dir='ltr'>mixtos,</span> <span class='ocrx_word' id='word_1_142' title='bbox 302 1894 475 1939; x_wconf 76' lang='lat' dir='ltr'>pernices,</span> <span class='ocrx_word' id='word_1_143' title='bbox 500 1894 694 1937; x_wconf 79' lang='lat' dir='ltr'>pernicem,</span> <span class='ocrx_word' id='word_1_144' title='bbox 726 1893 858 1937; x_wconf 82' lang='lat' dir='ltr'>pernici</span> <span class='ocrx_word' id='word_1_145' title='bbox 888 1895 987 1927; x_wconf 74' lang='lat' dir='ltr'><em>MSS.</em></span> <span class='ocrx_word' id='word_1_146' title='bbox 1034 1893 1169 1926; x_wconf 86' lang='lat' dir='ltr'>Pirenes</span> <span class='ocrx_word' id='word_1_147' title='bbox 1198 1892 1261 1925; x_wconf 90' lang='lat' dir='ltr'>soc.</span> <span class='ocrx_word' id='word_1_148' title='bbox 1288 1893 1369 1934; x_wconf 75' lang='lat' dir='ltr'><em>conj.</em></span> <span class='ocrx_word' id='word_1_149' title='bbox 1391 1892 1504 1925; x_wconf 76' lang='lat' dir='ltr'>Barth.</span> 
     </span>
    </p>

    <p class='ocr_par' dir='ltr' id='par_1_8' title="bbox 126 1936 1505 2030">
     <span class='ocr_line' id='line_1_26' title="bbox 126 1936 1505 1983; baseline -0.001 -10"><span class='ocrx_word' id='word_1_150' title='bbox 126 1938 162 1976; x_wconf 62' lang='grc' dir='ltr'>δ’</span> <span class='ocrx_word' id='word_1_151' title='bbox 179 1940 292 1983; x_wconf 77' lang='grc' dir='ltr'><em>Ηςίη]ἶ</em></span> <span class='ocrx_word' id='word_1_152' title='bbox 338 1939 592 1983; x_wconf 81' lang='lat' dir='ltr'>Apenninoque</span> <span class='ocrx_word' id='word_1_153' title='bbox 619 1938 796 1983; x_wconf 75' lang='lat' dir='ltr'>Niphaten</span> <span class='ocrx_word' id='word_1_154' title='bbox 824 1941 864 1973; x_wconf 84' lang='lat' dir='ltr'>nl.</span> <span class='ocrx_word' id='word_1_155' title='bbox 895 1939 975 1980; x_wconf 79' lang='lat' dir='ltr'>con).</span> <span class='ocrx_word' id='word_1_156' title='bbox 997 1939 1110 1972; x_wconf 79' lang='lat' dir='ltr'>Barth.</span> <span class='ocrx_word' id='word_1_157' title='bbox 1202 1948 1265 1983; x_wconf 87' lang='grc'>109</span> <span class='ocrx_word' id='word_1_158' title='bbox 1290 1936 1444 1972; x_wconf 80' lang='lat' dir='ltr'>vindicat</span> <span class='ocrx_word' id='word_1_159' title='bbox 1462 1938 1505 1971; x_wconf 82' lang='lat' dir='ltr'>al.</span> 
     </span>
     <span class='ocr_line' id='line_1_27' title="bbox 283 1984 1327 2030; baseline -0.003 -10"><span class='ocrx_word' id='word_1_160' title='bbox 283 1994 332 2028; x_wconf 83' lang='lat'>117</span> <span class='ocrx_word' id='word_1_161' title='bbox 355 1984 513 2030; x_wconf 84' lang='lat' dir='ltr'>prospera</span> <span class='ocrx_word' id='word_1_162' title='bbox 532 1987 628 2018; x_wconf 77' lang='lat' dir='ltr'>etiam</span> <span class='ocrx_word' id='word_1_163' title='bbox 661 1986 730 2019; x_wconf 86' lang='lat' dir='ltr'>Vic.</span> <span class='ocrx_word' id='word_1_164' title='bbox 759 1984 872 2029; x_wconf 78' lang='lat' dir='ltr'>aspera</span> <span class='ocrx_word' id='word_1_165' title='bbox 898 1986 938 2018; x_wconf 79' lang='lat' dir='ltr'>al.</span> <span class='ocrx_word' id='word_1_166' title='bbox 972 1992 1114 2017; x_wconf 79' lang='lat' dir='ltr'>catervae</span> <span class='ocrx_word' id='word_1_167' title='bbox 1135 1985 1204 2028; x_wconf 85' lang='lat' dir='ltr'><em>Bas.</em></span> <span class='ocrx_word' id='word_1_168' title='bbox 1224 1996 1327 2027; x_wconf 77' lang='lat' dir='ltr'>marg.</span> 
     </span>
    </p>
   </div>
   <div class='ocr_carea' id='block_1_5' title="bbox 119 2062 1503 2743">
    <p class='ocr_par' dir='ltr' id='par_1_9' title="bbox 125 2062 1503 2245">
     <span class='ocr_line' id='line_1_28' title="bbox 170 2062 1503 2109; baseline -0.002 -9"><span class='ocrx_word' id='word_1_169' title='bbox 170 2075 238 2100; x_wconf 88' lang='grc'>100</span> <span class='ocrx_word' id='word_1_170' title='bbox 260 2067 466 2104; x_wconf 72' lang='lat' dir='ltr'>Indomitum,</span> <span class='ocrx_word' id='word_1_171' title='bbox 485 2064 714 2109; x_wconf 84' lang='lat' dir='ltr'>insuperabile</span> <span class='ocrx_word' id='word_1_172' title='bbox 727 2075 797 2098; x_wconf 83' lang='lat' dir='ltr'>ma-</span> <span class='ocrx_word' id='word_1_173' title='bbox 842 2075 995 2099; x_wconf 86' lang='lat' dir='ltr'>montem</span> <span class='ocrx_word' id='word_1_174' title='bbox 1021 2064 1159 2109; x_wconf 78' lang='lat' dir='ltr'>Apuliae</span> <span class='ocrx_word' id='word_1_175' title='bbox 1187 2063 1222 2097; x_wconf 73' lang='grc' dir='ltr'>ἃ</span> <span class='ocrx_word' id='word_1_176' title='bbox 1245 2064 1372 2107; x_wconf 83' lang='lat' dir='ltr'>Alpes,</span> <span class='ocrx_word' id='word_1_177' title='bbox 1398 2062 1503 2097; x_wconf 82' lang='lat' dir='ltr'>inter-</span> 
     </span>
     <span class='ocr_line' id='line_1_29' title="bbox 127 2107 1502 2155; baseline -0.002 -11"><span class='ocrx_word' id='word_1_178' title='bbox 127 2110 221 2144; x_wconf 84' lang='lat' dir='ltr'>lum:</span> <span class='ocrx_word' id='word_1_179' title='bbox 270 2110 356 2143; x_wconf 85' lang='lat' dir='ltr'>nihil</span> <span class='ocrx_word' id='word_1_180' title='bbox 381 2111 426 2143; x_wconf 81' lang='lat' dir='ltr'>cst</span> <span class='ocrx_word' id='word_1_181' title='bbox 447 2110 540 2155; x_wconf 85' lang='lat' dir='ltr'>quod</span> <span class='ocrx_word' id='word_1_182' title='bbox 562 2111 614 2143; x_wconf 92' lang='lat' dir='ltr'>vir</span> <span class='ocrx_word' id='word_1_183' title='bbox 634 2111 712 2155; x_wconf 81' lang='lat' dir='ltr'>pius</span> <span class='ocrx_word' id='word_1_184' title='bbox 735 2110 796 2143; x_wconf 55' lang='lat' dir='ltr'>d02</span> <span class='ocrx_word' id='word_1_185' title='bbox 842 2110 983 2144; x_wconf 84' lang='lat' dir='ltr'>cedente</span> <span class='ocrx_word' id='word_1_186' title='bbox 1000 2110 1034 2144; x_wconf 71' lang='grc' dir='ltr'>ἃ</span> <span class='ocrx_word' id='word_1_187' title='bbox 1058 2109 1153 2142; x_wconf 83' lang='lat' dir='ltr'>velut</span> <span class='ocrx_word' id='word_1_188' title='bbox 1182 2110 1365 2153; x_wconf 84' lang='lat' dir='ltr'>copulante</span> <span class='ocrx_word' id='word_1_189' title='bbox 1385 2107 1502 2153; x_wconf 84' lang='lat' dir='ltr'>Apen-</span> 
     </span>
     <span class='ocr_line' id='line_1_30' title="bbox 127 2152 1500 2200; baseline -0.001 -12"><span class='ocrx_word' id='word_1_190' title='bbox 127 2166 220 2189; x_wconf 83' lang='lat' dir='ltr'>mare</span> <span class='ocrx_word' id='word_1_191' title='bbox 255 2166 285 2189; x_wconf 85' lang='lat' dir='ltr'>ct</span> <span class='ocrx_word' id='word_1_192' title='bbox 321 2157 355 2188; x_wconf 91' lang='lat' dir='ltr'>in</span> <span class='ocrx_word' id='word_1_193' title='bbox 398 2155 491 2188; x_wconf 73' lang='lat' dir='ltr'>suam</span> <span class='ocrx_word' id='word_1_194' title='bbox 515 2155 794 2189; x_wconf 75' lang='lat' dir='ltr'>commoditatem</span> <span class='ocrx_word' id='word_1_195' title='bbox 839 2156 942 2197; x_wconf 82' lang='lat' dir='ltr'>nino,</span> <span class='ocrx_word' id='word_1_196' title='bbox 975 2155 1069 2200; x_wconf 74' lang='lat' dir='ltr'>jugis</span> <span class='ocrx_word' id='word_1_197' title='bbox 1089 2152 1135 2188; x_wconf 83' lang='lat' dir='ltr'>ita</span> <span class='ocrx_word' id='word_1_198' title='bbox 1159 2153 1216 2187; x_wconf 78' lang='lat' dir='ltr'>sibi</span> <span class='ocrx_word' id='word_1_199' title='bbox 1238 2153 1426 2198; x_wconf 77' lang='lat' dir='ltr'>pei-millis,</span> <span class='ocrx_word' id='word_1_200' title='bbox 1460 2164 1500 2187; x_wconf 89' lang='lat' dir='ltr'>ut</span> 
     </span>
     <span class='ocr_line' id='line_1_31' title="bbox 125 2198 1501 2245; baseline -0.001 -11"><span class='ocrx_word' id='word_1_201' title='bbox 125 2209 260 2234; x_wconf 82' lang='lat' dir='ltr'>vertere</span> <span class='ocrx_word' id='word_1_202' title='bbox 282 2212 350 2233; x_wconf 88' lang='lat' dir='ltr'>non</span> <span class='ocrx_word' id='word_1_203' title='bbox 373 2200 480 2245; x_wconf 83' lang='lat' dir='ltr'>poffit.</span> <span class='ocrx_word' id='word_1_204' title='bbox 839 2201 924 2234; x_wconf 84' lang='lat' dir='ltr'>fines</span> <span class='ocrx_word' id='word_1_205' title='bbox 939 2203 1006 2244; x_wconf 86' lang='lat' dir='ltr'>jam</span> <span class='ocrx_word' id='word_1_206' title='bbox 1038 2209 1105 2234; x_wconf 86' lang='lat' dir='ltr'>non</span> <span class='ocrx_word' id='word_1_207' title='bbox 1134 2198 1278 2232; x_wconf 77' lang='lat' dir='ltr'>indicari</span> <span class='ocrx_word' id='word_1_208' title='bbox 1311 2198 1501 2233; x_wconf 82' lang='lat' dir='ltr'>discerniue</span> 
     </span>
    </p>

    <p class='ocr_par' dir='ltr' id='par_1_10' title="bbox 122 2244 1501 2517">
     <span class='ocr_line' id='line_1_32' title="bbox 173 2244 1500 2289; baseline -0.002 -8"><span class='ocrx_word' id='word_1_209' title='bbox 173 2256 228 2281; x_wconf 80' lang='grc'>101</span> <span class='ocrx_word' id='word_1_210' title='bbox 262 2245 482 2280; x_wconf 79' lang='lat' dir='ltr'>Celeritatem</span> <span class='ocrx_word' id='word_1_211' title='bbox 518 2245 698 2280; x_wconf 78' lang='lat' dir='ltr'>Theodosii</span> <span class='ocrx_word' id='word_1_212' title='bbox 733 2246 793 2280; x_wconf 80' lang='lat' dir='ltr'>de·</span> <span class='ocrx_word' id='word_1_213' title='bbox 863 2246 973 2287; x_wconf 78' lang='lat' dir='ltr'>essim,</span> <span class='ocrx_word' id='word_1_214' title='bbox 998 2245 1124 2279; x_wconf 85' lang='lat' dir='ltr'>nedum</span> <span class='ocrx_word' id='word_1_215' title='bbox 1148 2244 1351 2277; x_wconf 74' lang='lat' dir='ltr'>vttranfitus</span> <span class='ocrx_word' id='word_1_216' title='bbox 1366 2254 1500 2289; x_wconf 83' lang='lat' dir='ltr'>pateat:</span> 
     </span>
     <span class='ocr_line' id='line_1_33' title="bbox 125 2258 1501 2335; baseline -0.001 -10"><span class='ocrx_word' id='word_1_217' title='bbox 125 2291 263 2331; x_wconf 78' lang='lat' dir='ltr'>scribit,</span> <span class='ocrx_word' id='word_1_218' title='bbox 299 2301 367 2334; x_wconf 79' lang='lat' dir='ltr'>qua</span> <span class='ocrx_word' id='word_1_219' title='bbox 395 2290 555 2335; x_wconf 80' lang='lat' dir='ltr'>oppresiit</span> <span class='ocrx_word' id='word_1_220' title='bbox 582 2300 791 2335; x_wconf 77' lang='lat' dir='ltr'>vtruinque:</span> <span class='ocrx_word' id='word_1_221' title='bbox 837 2258 907 2325; x_wconf 60' lang='lat' dir='ltr'>iiaec</span> <span class='ocrx_word' id='word_1_222' title='bbox 926 2291 1027 2325; x_wconf 85' lang='lat' dir='ltr'>&amp;his</span> <span class='ocrx_word' id='word_1_223' title='bbox 1046 2289 1358 2329; x_wconf 79' lang='lat' dir='ltr'>similianiolimini,</span> <span class='ocrx_word' id='word_1_224' title='bbox 1383 2299 1501 2334; x_wconf 77' lang='lat' dir='ltr'>tyran-</span> 
     </span>
     <span class='ocr_line' id='line_1_34' title="bbox 131 2335 1500 2381; baseline -0.001 -11"><span class='ocrx_word' id='word_1_225' title='bbox 131 2336 217 2370; x_wconf 88' lang='lat' dir='ltr'>illud</span> <span class='ocrx_word' id='word_1_226' title='bbox 238 2338 368 2379; x_wconf 79' lang='lat' dir='ltr'>reliquit</span> <span class='ocrx_word' id='word_1_227' title='bbox 387 2348 419 2369; x_wconf 87' lang='lat' dir='ltr'>v.</span> <span class='ocrx_word' id='word_1_228' title='bbox 444 2345 500 2377; x_wconf 78' lang='lat'>103</span> <span class='ocrx_word' id='word_1_229' title='bbox 538 2346 598 2381; x_wconf 87' lang='lat' dir='ltr'>per</span> <span class='ocrx_word' id='word_1_230' title='bbox 614 2335 789 2381; x_wconf 80' lang='lat' dir='ltr'>Synecdo-</span> <span class='ocrx_word' id='word_1_231' title='bbox 838 2337 894 2377; x_wconf 81' lang='lat' dir='ltr'>ni,</span> <span class='ocrx_word' id='word_1_232' title='bbox 947 2346 1059 2370; x_wconf 73' lang='lat' dir='ltr'>tannen</span> <span class='ocrx_word' id='word_1_233' title='bbox 1089 2335 1155 2368; x_wconf 86' lang='lat' dir='ltr'>tuti</span> <span class='ocrx_word' id='word_1_234' title='bbox 1186 2346 1253 2368; x_wconf 89' lang='lat' dir='ltr'>non</span> <span class='ocrx_word' id='word_1_235' title='bbox 1283 2335 1395 2368; x_wconf 85' lang='lat' dir='ltr'>eritis:</span> <span class='ocrx_word' id='word_1_236' title='bbox 1437 2337 1500 2369; x_wconf 84' lang='lat' dir='ltr'>ibit</span> 
     </span>
     <span class='ocr_line' id='line_1_35' title="bbox 122 2379 1499 2427; baseline 0 -12"><span class='ocrx_word' id='word_1_237' title='bbox 122 2381 211 2415; x_wconf 85' lang='lat' dir='ltr'>chen</span> <span class='ocrx_word' id='word_1_238' title='bbox 230 2381 361 2416; x_wconf 58' lang='lat' dir='ltr'>clidium</span> <span class='ocrx_word' id='word_1_239' title='bbox 374 2409 383 2422; x_wconf 80' lang='lat'>,</span> <span class='ocrx_word' id='word_1_240' title='bbox 406 2391 443 2415; x_wconf 85' lang='lat' dir='ltr'>vt</span> <span class='ocrx_word' id='word_1_241' title='bbox 462 2381 498 2414; x_wconf 88' lang='lat' dir='ltr'>in</span> <span class='ocrx_word' id='word_1_242' title='bbox 517 2382 702 2414; x_wconf 81' lang='lat' dir='ltr'>certamine</span> <span class='ocrx_word' id='word_1_243' title='bbox 714 2392 791 2414; x_wconf 83' lang='lat' dir='ltr'>cur·</span> <span class='ocrx_word' id='word_1_244' title='bbox 838 2382 931 2416; x_wconf 81' lang='lat' dir='ltr'>enim</span> <span class='ocrx_word' id='word_1_245' title='bbox 953 2391 1013 2427; x_wconf 82' lang='lat' dir='ltr'>per</span> <span class='ocrx_word' id='word_1_246' title='bbox 1033 2380 1090 2413; x_wconf 79' lang='lat' dir='ltr'>illa</span> <span class='ocrx_word' id='word_1_247' title='bbox 1112 2379 1255 2413; x_wconf 76' lang='lat' dir='ltr'>claustra</span> <span class='ocrx_word' id='word_1_248' title='bbox 1277 2380 1443 2414; x_wconf 77' lang='lat' dir='ltr'>excitatus</span> <span class='ocrx_word' id='word_1_249' title='bbox 1461 2381 1499 2415; x_wconf 75' lang='grc' dir='ltr'>δι</span> 
     </span>
     <span class='ocr_line' id='line_1_36' title="bbox 125 2425 1499 2471; baseline 0 -11"><span class='ocrx_word' id='word_1_250' title='bbox 125 2426 177 2460; x_wconf 84' lang='lat' dir='ltr'>sus</span> <span class='ocrx_word' id='word_1_251' title='bbox 190 2453 200 2468; x_wconf 86' lang='lat'><strong>‚</strong></span> <span class='ocrx_word' id='word_1_252' title='bbox 225 2436 257 2460; x_wconf 86' lang='lat' dir='ltr'>et</span> <span class='ocrx_word' id='word_1_253' title='bbox 277 2427 402 2471; x_wconf 83' lang='lat' dir='ltr'>quovis</span> <span class='ocrx_word' id='word_1_254' title='bbox 424 2426 491 2459; x_wconf 83' lang='lat' dir='ltr'>alio</span> <span class='ocrx_word' id='word_1_255' title='bbox 510 2426 606 2466; x_wconf 82' lang='lat' dir='ltr'>adeo,</span> <span class='ocrx_word' id='word_1_256' title='bbox 622 2425 790 2470; x_wconf 83' lang='lat' dir='ltr'>relinqui·</span> <span class='ocrx_word' id='word_1_257' title='bbox 835 2427 976 2459; x_wconf 81' lang='lat' dir='ltr'>adiutus</span> <span class='ocrx_word' id='word_1_258' title='bbox 996 2426 1098 2459; x_wconf 81' lang='lat' dir='ltr'>aDeo</span> <span class='ocrx_word' id='word_1_259' title='bbox 1111 2453 1120 2465; x_wconf 88' lang='lat'>,</span> <span class='ocrx_word' id='word_1_260' title='bbox 1151 2427 1207 2469; x_wconf 84' lang='lat' dir='ltr'>qui</span> <span class='ocrx_word' id='word_1_261' title='bbox 1225 2427 1369 2460; x_wconf 69' lang='lat' dir='ltr'>vindicet</span> <span class='ocrx_word' id='word_1_262' title='bbox 1390 2425 1499 2461; x_wconf 82' lang='lat' dir='ltr'>vestra</span> 
     </span>
     <span class='ocr_line' id='line_1_37' title="bbox 128 2471 964 2517; baseline -0.002 -11"><span class='ocrx_word' id='word_1_263' title='bbox 128 2481 206 2509; x_wconf 72' lang='lat' dir='ltr'>tur,</span> <span class='ocrx_word' id='word_1_264' title='bbox 231 2473 291 2517; x_wconf 85' lang='lat' dir='ltr'>qui</span> <span class='ocrx_word' id='word_1_265' title='bbox 320 2471 495 2517; x_wconf 76' lang='lat' dir='ltr'>superatus</span> <span class='ocrx_word' id='word_1_266' title='bbox 513 2471 570 2504; x_wconf 84' lang='lat' dir='ltr'>est.</span> <span class='ocrx_word' id='word_1_267' title='bbox 829 2472 964 2505; x_wconf 76' lang='lat' dir='ltr'>scelera.</span> 
     </span>
    </p>

    <p class='ocr_par' dir='ltr' id='par_1_11' title="bbox 119 2515 1503 2743">
     <span class='ocr_line' id='line_1_38' title="bbox 172 2515 1499 2562; baseline -0.003 -10"><span class='ocrx_word' id='word_1_268' title='bbox 172 2528 233 2558; x_wconf 86' lang='lat'>105</span> <span class='ocrx_word' id='word_1_269' title='bbox 265 2518 476 2562; x_wconf 57' lang='lat' dir='ltr'>Splendidu«</span> <span class='ocrx_word' id='word_1_270' title='bbox 502 2516 606 2550; x_wconf 74' lang='lat' dir='ltr'>locus.</span> <span class='ocrx_word' id='word_1_271' title='bbox 663 2518 789 2550; x_wconf 76' lang='lat' dir='ltr'>I’rovo-</span> <span class='ocrx_word' id='word_1_272' title='bbox 884 2527 934 2559; x_wconf 86' lang='grc'>117</span> <span class='ocrx_word' id='word_1_273' title='bbox 957 2519 1081 2550; x_wconf 80' lang='lat' dir='ltr'>Carenae</span> <span class='ocrx_word' id='word_1_274' title='bbox 1093 2516 1260 2560; x_wconf 72' lang='lat' dir='ltr'>quosdam</span> <span class='ocrx_word' id='word_1_275' title='bbox 1279 2515 1499 2549; x_wconf 81' lang='lat' dir='ltr'>commenda-</span> 
     </span>
     <span class='ocr_line' id='line_1_39' title="bbox 121 2560 1499 2608; baseline -0.001 -12"><span class='ocrx_word' id='word_1_276' title='bbox 121 2572 176 2596; x_wconf 81' lang='lat' dir='ltr'>eat</span> <span class='ocrx_word' id='word_1_277' title='bbox 196 2564 300 2596; x_wconf 84' lang='lat' dir='ltr'>veluti</span> <span class='ocrx_word' id='word_1_278' title='bbox 323 2565 479 2608; x_wconf 69' lang='lat' dir='ltr'>gigantes</span> <span class='ocrx_word' id='word_1_279' title='bbox 499 2562 539 2595; x_wconf 71' lang='lat' dir='ltr'>ad</span> <span class='ocrx_word' id='word_1_280' title='bbox 561 2562 787 2595; x_wconf 72' lang='lat' dir='ltr'>Timomachi·</span> <span class='ocrx_word' id='word_1_281' title='bbox 832 2571 913 2595; x_wconf 87' lang='lat' dir='ltr'>runt</span> <span class='ocrx_word' id='word_1_282' title='bbox 952 2561 1126 2606; x_wconf 82' lang='lat' dir='ltr'>principi,</span> <span class='ocrx_word' id='word_1_283' title='bbox 1171 2560 1344 2606; x_wconf 83' lang='lat' dir='ltr'>ipsiusque</span> <span class='ocrx_word' id='word_1_284' title='bbox 1380 2572 1499 2594; x_wconf 83' lang='lat' dir='ltr'>moue-</span> 
     </span>
     <span class='ocr_line' id='line_1_40' title="bbox 122 2605 1503 2653; baseline -0.002 -12"><span class='ocrx_word' id='word_1_285' title='bbox 122 2619 164 2641; x_wconf 66' lang='grc' dir='ltr'>ιη</span> <span class='ocrx_word' id='word_1_286' title='bbox 188 2609 234 2641; x_wconf 88' lang='lat' dir='ltr'>ita</span> <span class='ocrx_word' id='word_1_287' title='bbox 264 2618 429 2653; x_wconf 46' lang='lat' dir='ltr'>tyrannos*</span> <span class='ocrx_word' id='word_1_288' title='bbox 457 2608 581 2651; x_wconf 71' lang='lat' dir='ltr'>impios</span> <span class='ocrx_word' id='word_1_289' title='bbox 596 2635 603 2645; x_wconf 77' lang='grc'>,</span> <span class='ocrx_word' id='word_1_290' title='bbox 652 2617 689 2640; x_wconf 86' lang='lat' dir='ltr'>ut</span> <span class='ocrx_word' id='word_1_291' title='bbox 712 2617 788 2639; x_wconf 86' lang='lat' dir='ltr'>mu-</span> <span class='ocrx_word' id='word_1_292' title='bbox 833 2617 912 2640; x_wconf 79' lang='lat' dir='ltr'>runt</span> <span class='ocrx_word' id='word_1_293' title='bbox 933 2606 1223 2648; x_wconf 79' lang='lat' dir='ltr'>misericordiam,</span> <span class='ocrx_word' id='word_1_294' title='bbox 1259 2606 1320 2641; x_wconf 84' lang='lat' dir='ltr'>hoc</span> <span class='ocrx_word' id='word_1_295' title='bbox 1341 2605 1387 2640; x_wconf 85' lang='lat' dir='ltr'>est</span> <span class='ocrx_word' id='word_1_296' title='bbox 1401 2608 1503 2648; x_wconf 72' lang='lat' dir='ltr'>ferre.</span> 
     </span>
     <span class='ocr_line' id='line_1_41' title="bbox 122 2651 1183 2698; baseline 0.003 -14"><span class='ocrx_word' id='word_1_297' title='bbox 122 2653 276 2687; x_wconf 79' lang='lat' dir='ltr'>nimenta</span> <span class='ocrx_word' id='word_1_298' title='bbox 296 2652 465 2687; x_wconf 70' lang='lat' dir='ltr'>obiiciant</span> <span class='ocrx_word' id='word_1_299' title='bbox 484 2652 629 2696; x_wconf 66' lang='lat' dir='ltr'>justitiae</span> <span class='ocrx_word' id='word_1_300' title='bbox 650 2652 786 2685; x_wconf 78' lang='lat' dir='ltr'>ultrici:</span> <span class='ocrx_word' id='word_1_301' title='bbox 827 2655 988 2698; x_wconf 76' lang='lat' dir='ltr'>prospera,</span> <span class='ocrx_word' id='word_1_302' title='bbox 1012 2652 1033 2686; x_wconf 86' lang='lat' dir='ltr'>i.</span> <span class='ocrx_word' id='word_1_303' title='bbox 1055 2651 1183 2687; x_wconf 79' lang='lat' dir='ltr'>afferre.</span> 
     </span>
     <span class='ocr_line' id='line_1_42' title="bbox 119 2698 784 2743; baseline -0.002 -11"><span class='ocrx_word' id='word_1_304' title='bbox 119 2699 324 2732; x_wconf 73' lang='lat' dir='ltr'>continuare</span> <span class='ocrx_word' id='word_1_305' title='bbox 352 2698 449 2742; x_wconf 76' lang='lat' dir='ltr'>jubet</span> <span class='ocrx_word' id='word_1_306' title='bbox 474 2698 553 2733; x_wconf 79' lang='lat' dir='ltr'>illos</span> <span class='ocrx_word' id='word_1_307' title='bbox 581 2700 784 2743; x_wconf 68' lang='lat' dir='ltr'>Gurg-anum</span> 
     </span>
    </p>
   </div>
  </div>
 </body>
</html>
