1612 2948
388 101 465 143 IN
539 97 1074 143 CLAUDIANUM
1265 69 1446 148 XXXV-

174 201 232 242 cit
266 200 452 254 proxima
480 197 666 252 epistola,
697 209 739 245 ¹4
767 198 851 245 Jan.
884 203 969 246 1632
1002 199 1165 253 scripta,
1195 201 1308 254 cujus
1336 200 1428 254 plu-

175 257 281 299 scula
299 256 522 296 describere
551 268 632 294 non
658 256 792 308 piget,
821 256 979 309 quando
1011 258 1127 296 multi
1159 256 1237 296 hoc
1264 257 1426 305 saeculo,

173 328 250 355 nec
271 311 352 352 fine
374 311 487 352 causa
509 312 573 351 vel
591 311 709 366 gustu
727 312 917 352 minutias
937 313 1266 354 etiamliterarias
1278 322 1425 354 amant.

174 371 236 412 Ita
258 383 355 409 vero
376 369 532 409 scribit:
563 369 648 408 Pro
664 374 736 408 tua
759 381 859 421 erga
878 368 1103 424 universnm
1125 370 1268 410 bonu-m
1288 372 1427 411 litera·

164 429 276 467 rium
307 426 456 466 eximia
486 425 691 465 voluntate
720 426 901 478 apprime
921 424 1055 481 secrſje
1083 427 1255 472 videris,
1305 427 1427 468 Clau-

174 485 293 524 diano
316 482 444 537 nostro
470 488 582 522 tuam
600 482 851 535 recensionem
871 483 1185 537 conspondemio,
1212 485 1268 524 mi
1287 497 1428 524 mimm-

171 539 304 594 tiffime
315 538 477 579 Daumi.
533 539 600 579 Sic
615 540 766 591 poterit
780 539 938 579 tandem
955 539 1218 588 ἀποτελέσματι
1238 542 1426 595 quopiam

174 589 371 642 rizafflzri,
400 595 456 636 ad
481 609 631 635 omnem
654 594 927 649 posteritatem
959 597 1051 637 utili
1073 596 1121 640 &³
1143 597 1289 644 nobili,
1316 598 1427 652 sum-

167 666 257 694 mus
279 652 420 692 Poeta.
479 652 644 707 Infinita
667 665 718 692 ex
738 651 986 693 Claverianis
1016 654 1274 708 marginibus
1300 653 1428 695 accidi

166 715 370 762 poterunt,
392 707 439 751 1&
458 721 552 749 mete
572 713 676 748 notoe
690 707 932 760 prudentius
951 711 1104 757 excudi,
1135 717 1181 752 ut
1197 714 1427 751 rumor-mo-

172 766 227 805 les
236 765 340 820 fica,
370 762 418 805 &2
444 764 506 803 ita
526 762 630 802 nullo
650 761 873 816 discrimine
890 765 1102 807 Heinfiana
1123 769 1258 808 omnm
1289 767 1427 821 adjici,

167 828 214 863 ut
234 821 283 864 ὅς’
302 820 547 866 Claveriana,
577 820 648 873 qui
667 817 782 858 homo
803 826 913 860 caret
929 819 1099 870 leffione,
1130 824 1366 878 eloquentia,
1379 823 1430 867 89²

171 892 251 919 non
270 889 369 917 raro
388 876 508 916 etiam
519 875 675 929 judicio
691 906 701 923 ,
731 875 780 918 &²
803 882 935 918 tamen
958 891 1004 918 ne
1022 892 1125 920 unus
1147 880 1302 935 quidem
1323 894 1431 934 apex

170 948 222 976 ex
241 934 326 987 ejus
344 934 451 973 uotis
472 933 681 986 praeteriri
706 933 857 988 potcst;
886 935 995 988 quod
1006 935 1228 989 felicitatis
1258 937 1426 991 diligen-

171 993 239 1032 tioe
257 990 342 1044 ejus
363 1002 465 1043 erga
488 988 702 1043 Cujaciana
721 997 883 1044 reperta
905 991 1099 1034 debemus.
1157 995 1290 1049 Igitur
1319 995 1428 1035 forte

171 1047 379 1103 praestitit,
406 1047 513 1101 quod
531 1047 598 1087 hic
617 1054 783 1102 rogatus
804 1048 879 1096 est,
910 1048 1107 1092 Daumius
1121 1049 1143 1091 2
1174 1053 1244 1106 qui
1261 1052 1309 1091 ad
1328 1052 1426 1092 Rei-

171 1103 325 1146 nefium
354 1103 489 1144 scribit
518 1103 568 1144 A.
594 1107 672 1152 1651
716 1119 741 1152 9
762 1106 919 1152 Martii,
951 1107 1062 1161 epist.
1076 1120 1123 1147 20
1153 1122 1191 1162 p.
1204 1121 1246 1156 59
1276 1108 1315 1149 se
1343 1109 1428 1162 jam

173 1163 217 1202 in
238 1160 500 1201 Barthianum
521 1160 786 1202 Claudianum
817 1164 1060 1204 concinnare
1082 1165 1244 1206 Indices
1268 1165 1429 1207 Verbo-

173 1232 286 1264 rum,
314 1215 560 1264 Αυᾶοῑιίιη,
588 1217 752 1258 Rerum.
811 1220 869 1261 At
893 1221 1000 1261 idem
1023 1221 1220 1263 Daumius
1249 1225 1292 1262 in
1322 1237 1428 1277 prae-

173 1275 328 1316 satione
339 1273 505 1327 Papinio
526 1274 744 1314 Barthiano
765 1276 975 1329 praemifl'a,
1005 1279 1073 1319 ubi
1095 1280 1314 1334 diligenter
1334 1279 1430 1319 reli-

174 1332 287 1387 quias
309 1330 545 1371 Barthianas
564 1330 759 1378 recenset,
788 1332 925 1374 Idibus
947 1334 1064 1389 Majis
1090 1341 1204 1386 1664,
1225 1336 1347 1377 huius
1366 1337 1429 1378 rei

169 1402 222 1429 ne
245 1388 369 1428 verbo
389 1388 553 1442 quidem
572 1389 771 1428 meminit.

60 1459 162 1504 ¹64¹·
194 1463 245 1490 ¹2.
299 1449 488 1504 Lugduni
507 1450 750 1490 Batavorum
778 1464 871 1492 cum
899 1452 1007 1492 notis
1037 1452 1128 1494 Nic.
1149 1452 1300 1494 Heinfii
1330 1467 1427 1508 pro-

171 1505 284 1549 diisse
305 1514 553 1548 memoratur
573 1506 830 1556 Claudianus,
859 1518 945 1550 tum
963 1509 1074 1557 alias,
1104 1518 1190 1551 turn
1224 1512 1268 1550 in
1288 1510 1427 1552 Crenii

169 1562 557 1606 animadversionum
579 1563 655 1604 To.
668 1564 750 1605 XII
778 1578 816 1619 p.
830 1577 879 1611 33.
936 1566 1057 1616 Quod
1080 1568 1185 1608 unde
1209 1575 1343 1609 ortum
1363 1566 1426 1614 fit,

168 1635 253 1664 non
279 1622 479 1668 dixerim3
520 1620 661 1662 falsum
692 1620 792 1669 esse,
828 1622 920 1664 satis
953 1623 1126 1665 ostendit
1157 1625 1267 1678 ejus,
1305 1638 1428 1680 quam

169 1679 302 1721 statim
330 1678 604 1726 laudabimus,
636 1679 827 1720 editionis
852 1680 1053 1733 praefatio.
1107 1681 1258 1723 Lubuit
1289 1689 1428 1723 tamen

162 1748 358 1792 quaerere.
414 1735 618 1776 Habemus
639 1737 763 1776 vitam
784 1738 860 1777 viri
882 1737 1100 1792 diligenter
1115 1738 1299 1793 scriptam
1321 1739 1428 1778 aPe-

169 1801 235 1835 tro
267 1791 453 1833 Secundo
482 1792 735 1840 Burmanno,
765 1793 1014 1838 Adversariis
1043 1796 1153 1836 illius
1175 1791 1428 1850 praemissarn,

167 1851 238 1905 qui
269 1849 312 1891 &
338 1850 407 1890 illa
425 1846 595 1904 Sylloge
614 1851 746 1904 patrui
765 1849 843 1897 sui,
873 1852 987 1904 cujus
1013 1854 1158 1906 potior
1182 1865 1273 1906 pars
1298 1853 1427 1907 perti-'-

171 1914 244 1949 net
273 1907 322 1946 ad
340 1905 569 1952 Heinfium‚
599 1906 641 1947 &
670 1907 759 1947 aliis
786 1907 979 1962 praefidiis
1012 1909 1200 1950 omnibus
1230 1909 1323 1950 usus
1355 1908 1427 1950 est.

171 1965 236 2006 Ibi
266 1962 474 2010 discimus,
515 1976 620 2003 anno
650 1964 785 2005 saeculi
816 1965 926 2007 illius
957 1965 1074 2012 XLI,
1115 1968 1184 2021 qui
1213 1972 1299 2007 erat
1329 1967 1427 2007 vitae

168 2018 322 2063 Heinfii
345 2020 467 2068 XXI,
495 2020 611 2060 illum
632 2022 794 2075 quidem
819 2023 903 2076 jam
936 2022 1102 2078 coepiffe
1130 2037 1296 2077 operam
1331 2024 1426 2064 dare

173 2078 454 2132 comparandis
473 2075 582 2118 MSS.
602 2079 725 2118 etiam
744 2079 977 2121 Claudiani:
1005 2082 1102 2136 quin
1132 2079 1266 2122 scribit
1294 2080 1344 2120 ad
1373 2081 1426 2121 il·-

165 2135 253 2177 lum
269 2135 353 2188 jam
376 2136 425 2176 A.
447 2133 651 2182 XXXIX,
680 2135 785 2180 XIV
801 2135 889 2177 Kal.
910 2136 1008 2178 Dec.
1030 2136 1277 2184 Gronovius,
1299 2136 1425 2185 V01.3

166 2192 242 2247 Ep.
255 2203 307 2241 77
335 2196 430 2246 p.546
460 2191 622 2232 Gaudeo
651 2197 689 2232 te
718 2193 970 2247 recensionem
996 2195 1103 2237 illius
1132 2195 1274 2248 magni
1298 2198 1425 2247 pot'toe

170 2250 244 2303 (de
264 2248 484 2289 Claudiano
502 2248 631 2290 sermo
654 2249 733 2305 est)
762 2250 963 2293 meditari.
1021 2251 1226 2308 Quidquid
1243 2251 1321 2306 ipsi?
1337 2265 1427 2292 cow-

162 2306 280 2362 ferre
295 2304 468 2361 poffiam,
499 2305 702 2360 cal-iseram
721 2308 900 2350 libenter.
957 2307 1036 2350 Sed
1065 2323 1117 2349 ex
1148 2316 1237 2350 toto
1265 2309 1361 2349 vitae
1383 2307 1427 2350 &

171 2362 431 2419 epistolarum
457 2371 600 2403 tenore
630 2364 865 2421 laudataque
886 2367 1006 2407 modo
1038 2366 1301 2420 praefatione,
1329 2365 1432 2406 illud

167 2426 355 2476 apparet,
384 2420 582 2461 absolutas
612 2420 690 2460 esse
716 2432 833 2464 notas
856 2425 1017 2465 demum
1036 2423 1086 2464 A.
1107 2422 1245 2464 XLIX
1274 2424 1317 2462 in
1342 2421 1429 2475 ipso

171 2479 319 2520 itinere
337 2477 379 2517 in
396 2476 581 2518 Sueeiam
603 2487 746 2532 rogatu
769 2480 981 2523 Christinae
1009 2481 1188 2534 suscepto
1203 2508 1213 2527 ,
1242 2478 1429 2519 commis-

168 2535 328 2590 samque
367 2535 558 2575 editionis
596 2549 733 2576 curam
765 2537 990 2579 Gronovio.
1070 2537 1349 2590 Undecunque
1379 2533 1429 2577 fit

176 2593 305 2646 igitur
322 2591 392 2632 ille
414 2605 627 2639 numeruS,
666 2592 808 2635 falsum
828 2594 906 2635 esse
918 2624 930 2643 ,
959 2595 1002 2636 δε
1020 2609 1071 2635 ex
1096 2606 1337 2648 quocunque
1356 2605 1430 2633 cu·

172 2649 398 2705 iuscunque
414 2662 552 2691 errore
565 2657 716 2699 ortum,
741 2652 846 2693 mihi
864 2666 948 2693 non
968 2652 1026 2693 est
1044 2651 1225 2693 dubium.
1348 2708 1374 2745 6

844 2722 866 2750 θ
894 2721 917 2748 2
1329 2717 1344 2744 Ι
1374 2715 1434 2754 50¹
