1612 2948
116 95 224 141 VIII
332 97 366 140 Ι.
395 99 450 140 Μ.
481 97 770 143 GESNERI
826 98 1329 143 PROLEGOMENA

124 192 250 243 soleo,
278 195 396 250 quale
417 195 580 238 efficere
603 196 815 238 studebant
833 198 875 237 in
895 197 971 248 his,
1001 212 1102 254 quos
1115 198 1412 240 Alexandrinas
1430 197 1504 238 de-

126 250 242 292 licias
267 253 545 307 appellabant,
575 256 714 308 pueris
737 253 781 294 &
810 255 982 307 puellis,
1010 257 1152 304 facile,
1182 256 1342 303 fertile,
1371 254 1414 296 &
1440 254 1503 295 so-

127 306 194 356 lo,
219 311 326 364 quod
345 310 464 352 Nilus
486 311 577 352 suus
600 311 806 365 irrigavit,
835 310 983 360 fimile,
1010 313 1201 368 idemque
1231 327 1325 353 cum
1362 311 1503 352 hilari·-

128 372 214 408 tate
245 366 287 408 &
320 367 481 408 lascivia
510 369 679 422 quadam
710 368 1000 417 ludibundum3
1038 371 1155 425 quale
1187 372 1229 411 in
1263 369 1506 416 Theocrito,

120 423 381 477 Apollonio,
421 424 689 472 Callimacho,
719 425 1092 468 animadvertimus.
1179 428 1269 469 Hoc
1299 439 1432 482 genus
1463 431 1507 466 ut

131 480 421 522 amabilitatem
446 480 641 522 &laetam
676 482 906 523 ubertatem
934 483 1055 524 habet
1093 486 1236 539 prima:-
1265 485 1422 529 aetatis,
1451 483 1508 523 ita

131 551 268 592 neque
289 552 310 578 a
329 539 561 593 puerilitate
591 538 768 580 alienum
792 539 871 586 est,
902 539 948 580 ab
972 541 1044 581 illo
1064 542 1173 596 quod
1198 550 1244 582 ut
1267 540 1508 582 Aristoteles

133 593 287 647 (Rhet.
310 609 355 641 2,
382 594 452 648 η)
497 595 576 642 ait,
627 596 916 637 adolescentuli
955 592 1097 635 ἅπαντα
1130 598 1188 635 ἐπὶ
1215 597 1257 634 τό
1285 599 1417 644 ,cainum
1447 596 1508 645 ιρι)

134 647 353 703 σφοδρότερον
382 649 603 703 οἷμοιρτοῖνὸσί
624 653 720 703 παραὶ
749 653 790 691 τέ
816 649 1012 691 Χιλώνειον·
1042 653 1160 693 ndum
1189 653 1258 706 γάρ
1287 651 1377 701 ἄγαν
1400 652 1510 705 πρίτ-

130 720 239 746 rgo-au·
276 716 448 763 peccant
479 722 561 750 non
590 708 768 752 siccitate
796 710 839 753 &
867 712 1076 759 ariditate,
1116 711 1180 752 sed
1211 712 1394 758 luxuria,
1425 723 1509 750 non

133 765 242 807 intra
260 767 444 814 modum,
475 766 540 808 sed
567 767 684 808 ultra.
745 768 920 809 Accedit
946 768 989 806 ro*
1019 769 1218 822 χολαςικόν
1247 768 1289 809 &
1317 764 1508 814 σοφιςικόν,

135 822 246 876 quod
271 823 706 877 ineptiarum‘nomine
725 823 881 879 signare
905 825 1048 866 Latine
1072 825 1335 880 loquentibus
1356 824 1416 864 fas
1442 824 1513 871 est,

133 878 312 920 studium
341 895 535 935 magnum
566 882 607 922 in
631 895 673 922 re
697 884 820 923 etiam
842 896 989 937 parva:
1020 884 1171 924 docent
1203 882 1402 935 sophista:
1434 881 1513 921 aevi

135 935 412 978 Constantinei
435 937 477 979 ἃς
496 937 769 980 Theodofiani
794 954 1044 995 exaggerare
1070 940 1211 980 laudes
1235 940 1277 980 &
1300 938 1516 993 vituperia,

134 993 185 1034 de
208 1008 258 1034 eo
279 996 390 1050 quod
412 1009 554 1035 verum
576 995 655 1043 est,
686 998 795 1051 quod
816 998 882 1037 hic
907 998 1048 1045 decet,
1079 1011 1161 1038 non
1190 997 1396 1038 laborant:
1428 1004 1517 1035 tum

134 1049 382 1093 ostentandae
406 1052 646 1093 eruditionis
670 1052 712 1094 δε
732 1054 882 1108 ubique
902 1054 1157 1095 inculcandae
1180 1054 1377 1100 studium,
1408 1053 1518 1107 quod

135 1109 307 1149 acuebat
327 1109 406 1149 hoc
438 1108 588 1150 saeculo
612 1110 693 1164 ipsa
720 1110 970 1165 fugientium
994 1112 1206 1152 literarum
1237 1110 1445 1156 conditio,
1475 1108 1518 1150 &

133 1166 335 1219 ingruens
365 1167 560 1207 bonarum
594 1180 730 1208 rerum
761 1169 1012 1221 ignorantia,
1043 1169 1109 1209 cui
1146 1169 1184 1208 se
1207 1168 1384 1221 objicere
1405 1166 1519 1207 omni

135 1221 268 1263 studio
290 1224 387 1263 dum
408 1223 659 1265 conabantur
679 1224 867 1265 homines
888 1226 1060 1270 eruditi,
1089 1227 1130 1266 in
1151 1223 1369 1266 cacozeliae
1390 1223 1519 1278 quod-

137 1279 232 1320 dam
243 1293 387 1335 genus,
400 1281 646 1336 inanemque
657 1280 854 1323 doctrinae
867 1281 1171 1322 affeftationem
1183 1282 1426 1322 incidebant.
1456 1279 1522 1321 Ita

136 1335 428 1384 Cassiodorius,
465 1338 589 1378 etiam
618 1352 710 1379 cum
735 1338 987 1379 Theodorici
1018 1340 1144 1393 Regis
1175 1340 1341 1379 nomine
1372 1337 1521 1385 scribit,

136 1402 231 1436 toto
261 1396 374 1436 sacco
394 1394 564 1436 effundit
593 1396 848 1450 antiquitatis
867 1398 1172 1450 cognitionem,
1200 1395 1242 1437 δε
1269 1396 1426 1450 Regem
1458 1394 1520 1434 se-

138 1452 410 1493 mibarbarum
438 1452 538 1493 facit
570 1454 809 1508 antiquariae
838 1452 1106 1508 professorem
1144 1453 1435 1497 humanitatis,
1475 1465 1521 1491 ac

138 1509 423 1552 scholasticum
453 1509 780 1550 declamatorem.
867 1511 1010 1565 Itaque
1031 1511 1167 1552 noster
1193 1516 1313 1565 po‘e'ta
1345 1511 1386 1549 in
1415 1508 1521 1548 sum-

140 1581 207 1608 ma
229 1567 387 1621 ingenii
407 1566 604 1608 felicitate
637 1581 721 1607 non
746 1566 877 1622 potest
902 1567 1009 1608 forte
1040 1569 1190 1610 absolvi
1222 1568 1268 1606 ab
1296 1567 1520 1607 Horatiano

142 1625 316 1665 crimine
344 1624 428 1678 (A.
458 1623 501 1665 P.
529 1623 607 1676 34)
647 1623 799 1678 Infelix
827 1626 960 1678 operis
987 1623 1173 1679 stimma:
1214 1624 1280 1664 sed
1314 1624 1435 1663 habet
1460 1630 1521 1663 ta-

141 1694 239 1723 men
259 1682 448 1723 omnibus
466 1682 642 1736 paginis,
671 1695 762 1737 quae
773 1681 952 1723 summus
975 1688 1097 1736 poeta
1122 1681 1183 1722 illi
1205 1682 1397 1727 invideat,
1427 1692 1522 1734 quae

142 1738 349 1793 Virgilius
370 1738 558 1794 scripsiffe
587 1739 710 1779 velit:
740 1739 891 1794 ubique
923 1740 1109 1779 invenias
1140 1739 1321 1793 ingentis
1343 1737 1525 1777 membra

143 1801 294 1851 poetae.
381 1795 471 1850 Ipsa
500 1796 571 1837 illa
600 1794 682 1836 five
706 1798 878 1850 puerilia
905 1796 1019 1845 sunt,
1047 1795 1129 1836 five
1161 1794 1414 1841 scholastica,
1442 1792 1524 1833 sne

143 1852 321 1895 labentis
350 1854 392 1894 in
421 1853 646 1894 barbariem
679 1853 815 1894 saeculi
847 1854 969 1899 vitia,
999 1852 1184 1906 prodesse
1211 1851 1392 1906 possunt:
1423 1850 1524 1905 quin

143 1923 223 1953 nec
245 1910 371 1951 essent
392 1911 513 1958 vitia,
542 1911 623 1951 alio
644 1910 738 1950 loco
760 1909 886 1964 posita
912 1908 941 1950 fi
963 1910 1103 1952 essent.
1160 1909 1245 1951 Hac
1268 1908 1523 1948 animadver-

142 1966 254 2009 sione
275 1969 544 2021 praemunitus
575 1967 617 2009 &
638 1966 745 2023 quasi
774 1967 1062 2020 προθεραπευὲεἰς
1091 1967 1161 2022 qui
1191 1966 1238 2006 ad
1258 1965 1525 2007 Claudianum

139 2023 361 2069 accefferit‚
387 2038 509 2080 quem
528 2038 612 2065 non
632 2025 876 2079 poenituerit
896 2025 1036 2079 legere
1059 2024 1276 2077 adscriptas
1301 2023 1404 2076 saepe
1426 2034 1526 2061 cen-

142 2082 253 2124 suras
290 2080 466 2127 nostras,
495 2082 561 2123 cui
596 2081 639 2123 ἃ
674 2081 843 2135 Virgilii
879 2082 1116 2136 Horatiique
1149 2079 1296 2126 lertio,
1336 2077 1380 2119 δι
1412 2077 1524 2133 quod

142 2139 401 2194 praecipuum
424 2138 502 2182 est,
532 2138 626 2179 usus
653 2138 800 2192 aliquis
830 2140 928 2178 vitae
950 2138 993 2180 ὅτ.
1021 2139 1153 2179 sensus
1187 2150 1210 2176 e
1232 2136 1525 2176 consuetudine

142 2195 369 2250 politorum
397 2195 631 2242 hominum,
662 2197 725 2234 vel
753 2197 944 2236 virorum
967 2197 1028 2236 vel
1055 2202 1322 2238 mortuorum,
1347 2193 1526 2240 haustus,

141 2253 349 2295 limaverit
376 2252 598 2305 judicium,
625 2252 685 2292 illi
718 2252 821 2292 nihil
852 2253 1017 2293 nocebit
1041 2252 1142 2292 illud
1173 2249 1318 2287 νεανικόν
1349 2251 1414 2291 vel
1441 2265 1527 2286 mu-

143 2306 297 2361 δαριιῖδες
334 2310 456 2356 adeo,
493 2309 576 2350 illue
608 2310 658 2349 de
692 2308 827 2349 schor-a
858 2310 1047 2363 ineptiae,
1089 2321 1283 2349 vocemus
1314 2308 1423 2346 enim
1456 2307 1526 2353 ita,

144 2365 175 2408 fi
198 2367 335 2414 lubet,
359 2365 401 2407 &
422 2366 580 2421 reliqua
599 2378 690 2420 quae
709 2366 903 2406 diximus·
965 2366 1137 2420 Impune
1162 2362 1381 2404 delectabit
1407 2364 1526 2403 illum

142 2437 229 2464 non
250 2423 371 2465 modo
388 2423 606 2478 descriptio
634 2425 760 2477 regiae
785 2422 962 2466 Veneris
985 2436 1037 2469 ιο,
1059 2435 1121 2469 49·
1143 2427 1198 2462 6¹.
1220 2433 1279 2470 72.
1305 2433 1353 2467 99
1385 2420 1427 2460 &
1457 2433 1529 2460 an-

145 2483 197 2521 tri
222 2494 273 2528 3¹,
296 2493 309 2519 1
329 2494 340 2525 ς
365 2481 510 2522 formae
537 2480 678 2520 Mariae
702 2493 754 2526 ιο,
775 2485 845 2530 265
875 2479 917 2520 &
939 2479 1111 2520 Honorii
1135 2492 1179 2525 ιι,
1206 2490 1246 2526 13
1277 2478 1472 2517 vitiorum
1495 2489 1528 2524 3,

145 2549 221 2587 27;
250 2537 441 2579 Gildonis
462 2549 510 2586 ις,
533 2541 617 2585 ¹633
648 2539 741 2591 equi
763 2544 794 2583 8,
815 2550 906 2585 5543
937 2536 1159 2577 draconum
1191 2537 1232 2576 in
1263 2533 1386 2588 signis
1417 2533 1528 2574 mili-

143 2594 299 2635 taribus
321 2609 350 2641 ς,
375 2608 442 2647 ¹77
472 2595 568 2636 coll.
594 2602 653 2641 28,
674 2599 766 2640 5663
795 2594 996 2634 Amorum
1019 2593 1253 2634 ludentium
1274 2604 1325 2638 31,
1349 2604 1430 2639 no;
1462 2592 1527 2630 in-

142 2650 284 2692 fantiae
315 2652 490 2694 Honorii
522 2663 568 2705 7,
597 2663 642 2691 22
681 2649 724 2693 &
752 2659 773 2696 8
784 2679 796 2699 ,
820 2663 883 2698 152
925 2649 968 2692 &
998 2655 1081 2699 1623
1133 2656 1221 2692 tum
1266 2648 1524 2690 enumeratio

1431 2717 1524 2746 ora-
