1612 2948
273 142 348 185 DE
376 141 643 184 LAUDIB.
680 140 966 185 STILICH.
993 140 1105 197 LIB.
1127 145 1172 188 ΙΙ

1292 159 1354 200 355

159 238 368 289 Caerulus,
405 240 642 296 Oceanique
677 239 820 282 aestum
851 243 1052 283 mentitur
1079 241 1266 293 amietos,

42 325 114 365 250
155 314 254 363 „Me
286 326 441 368 quoque
469 314 614 354 vicinis
633 320 866 368 pereuntem
887 313 1090 369 gentibus,
1118 317 1264 372 inquit,

155 385 229 426 Me
241 385 359 439 juvit
378 384 547 426 Stilicho
564 415 576 437 ‚
618 391 749 426 totam
773 399 862 426 cum
892 386 1039 430 Scotus
1068 388 1213 430 lernen

155 457 316 505 Movit,
347 456 397 500 89⁹
421 456 559 514 infesto
578 456 791 512 spumavit
815 460 970 513 remige
996 459 1155 514 Tethys.

153 532 271 573 Illius
303 530 483 587 effisffnm
526 534 660 579 curis,
701 547 749 573 ne
778 533 859 574 tela
887 534 1069 574 timerem

151 606 314 648 Scotica
331 636 342 654 ,
371 620 429 660 ,ηε
450 606 615 649 Ρὶᾶἣινη,
643 613 875 656 tremerem,
914 621 963 648 ne
980 610 1099 649 litore
1123 614 1212 650 tato

36 691 103 733 255

152 682 431 736 Prospicerem
461 682 595 724 dubiis
624 688 841 724 venturam
872 683 1046 725 Saxona
1093 685 1266 739 ventis.„'

150 755 262 796 Tum
292 756 412 810 spicis
456 755 499 798 &
531 757 652 798 dente
678 769 816 797 comas
848 757 1016 798 illustris
1043 757 1213 808 eburno,

149 831 204 873 Et
238 832 372 872 calido
402 832 627 873 rubicunda
658 832 724 872 die
739 858 752 880 ,-
779 830 833 872 fic
854 831 995 873 Africa
1016 831 1154 874 fatur:

146 906 402 960 „Sperabam
429 907 563 948 nullas
595 907 748 948 trabeis
772 907 942 950 Gildone
957 914 1139 963 peremto

148 978 276 1034 Nafii
297 978 401 1035 poffe
428 993 580 1022 moras.
619 982 742 1023 etiam
770 995 874 1022 nunc
893 982 959 1023 ille
983 988 1226 1037 repugnat,-

30 1057 106 1096 260
148 1055 208 1096 Et
227 1060 343 1096 tanto
362 1054 527 1097 dubitat
543 1055 680 1112 fasces
695 1057 893 1110 praebere
912 1055 1117 1110 triumpho
1129 1058 1155 1098 ,9

149 1128 240 1187 Qui·
259 1129 362 1172 milii
392 1132 646 1173 Maurorum
671 1133 837 1186 penitus
867 1131 1118 1174 lacrimabile
1146 1145 1289 1175 nomen

643 1205 764 1261 [Za

1221 1206 1429 1261 Ignorare

30 1338 87 1371 251
111 1341 165 1365 ine
184 1331 276 1375 juvit
298 1334 375 1367 MS.
417 1331 608 1368 Hibernam
629 1336 683 1369 vel
700 1331 859 1368 Ibernam
878 1334 932 1367 vel
952 1332 1154 1379 Hybernam
1183 1324 1274 1379 vulg.
1295 1336 1431 1370 lernam

29 1378 165 1420 Raphel.
183 1379 294 1411 Barth.
341 1380 485 1412 Ivernen
502 1381 540 1413 it.
567 1382 736 1413 inermem
758 1381 852 1413 MSS
894 1381 1014 1413 lernen
1043 1382 1160 1424 HeinJI

743 1433 804 1466 254
829 1432 902 1458 toto
919 1427 1010 1469 vulg.
1022 1435 1097 1459 tuto
1117 1427 1218 1460 MSS.
1238 1426 1396 1472 &Heinsl
1406 1440 1429 1462 1.

27 1424 121 1467 vulg.
144 1422 211 1456 tela
229 1425 330 1457 MSS.
355 1424 429 1457 vela
447 1426 653 1470 coan-Ieinfi

1252 1390 1312 1422 253
1339 1379 1430 1416 bella

274 1477 337 1509 255
361 1468 545 1514 aspicerem
573 1471 707 1516 Raphel.
740 1470 893 1503 samona
913 1471 990 1504 MS.
1018 1471 1071 1504 hic
1089 1471 1123 1508 ἃς
1143 1472 1186 1504 al.

73 1596 137 1630 249
178 1588 228 1621 Eo
258 1586 330 1631 ipso
358 1588 453 1632 quod
488 1593 622 1624 caerulus
659 1587 706 1622 est

26 1633 216 1667 Britanniae
235 1632 399 1674 amicitis,
423 1637 582 1668 mentitur
602 1635 637 1669 ἃ
659 1633 706 1667 as-

27 1677 153 1712 similat
178 1678 283 1719 aestum
310 1677 331 1712 s.
355 1689 480 1722 aquam
509 1680 706 1714 aestuantem

29 1723 163 1757 Oceani.
207 1722 433 1757 Veheinentia
454 1724 568 1758 fluxus
594 1725 630 1759 δε
653 1736 706 1758 re-

28 1766 145 1802 fluxus
174 1767 264 1802 circa
292 1769 504 1803 Britanniam
533 1770 628 1811 facit,
665 1779 706 1803 ut

26 1813 135 1854 astum
163 1812 276 1847 dicere
311 1815 424 1858 quain
464 1817 565 1849 undas
602 1819 706 1861 poeta

29 1858 202 1892 maluerit.
282 1859 448 1893 Ceterum
487 1862 524 1894 in
560 1871 705 1896 nummo

27 1903 198 1938 Hadriani
226 1904 487 1949 repraesentatur
521 1906 617 1940 nuda
658 1906 706 1940 se-

27 1948 113 1982 dens
151 1949 188 1982 in
222 1960 309 1995 rupe
347 1949 494 1993 hastata,
535 1952 703 1986 acclinem

28 1993 90 2028 sibi
109 1993 238 2028 habens
259 1995 424 2040 clipeum.

75 2048 131 2080 251
159 2042 249 2073 Ierne
267 2041 349 2081 ῖέρνη
367 2040 390 2074 s.
412 2038 506 2081 ἱεςινῖς
529 2040 624 2078 νῆσος
643 2049 704 2072 an-

26 2084 55 2118 ti
83 2084 255 2118 uiffimum
285 2085 320 2119 δε
348 2084 543 2129 Orphicum
575 2094 702 2117 nomen

25 2130 73 2164 Hi
103 2130 225 2171 erniae,
247 2131 380 2175 Argon.
403 2139 487 2175 1¹79-
533 2127 620 2162 Usus
641 2139 703 2163 no-

25 2173 92 2210 ster
111 2175 215 2209 eti-ain
237 2182 268 2218 8,
284 2186 333 2218 33.

71 2230 134 2262 254
158 2223 244 2255 Scoti
264 2222 298 2256 &
321 2222 423 2261 Pieli,
454 2218 702 2264 septentriona-

23 2264 67 2299 lis
87 2266 270 2300 Britanniae
288 2265 448 2306 barbari,
475 2265 518 2298 ad
539 2269 627 2308 quos
647 2276 700 2298 ai·-

26 2312 154 2345 cendos
174 2311 226 2344 illi
255 2313 347 2346 inuri
367 2309 546 2345 transversi
566 2309 588 2343 s.
607 2311 697 2344 valla

24 2354 71 2390 ab
92 2357 292 2398 Hadriano,
318 2367 392 2391 tuin
413 2355 455 2390 ab
467 2355 697 2389 Antonino&

25 2402 152 2435 Severo
174 2401 339 2437 exstrusta
359 2402 395 2436 ὃς
422 2401 567 2435 subinde
587 2401 696 2445 magis

14 2447 71 2481 =ad
111 2446 376 2492 septentrionem
413 2456 573 2492 promota
607 2445 696 2488 sunt,

26 2493 128 2527 cu'us
169 2493 216 2526 rei
253 2493 477 2537 pleniffiinain
519 2491 696 2525 historiam

23 2537 67 2571 de

22 2583 190 2617 Romana.
236 2581 348 2618 Verba
359 2610 368 2624 ‚
389 2595 429 2616 ne
446 2584 538 2617 litore
550 2591 619 2616 tuto
631 2591 695 2616 etc.

22 2627 72 2661 ita
89 2628 255 2673 capienda
268 2655 277 2669 ‚
301 2639 342 2661 ne
355 2630 530 2672 prospicere
549 2638 628 2661 cum
646 2627 696 2661 so-

23 2671 206 2707 licitudine
227 2673 263 2707 &
280 2684 374 2707 metii
392 2684 482 2718 opus
499 2671 592 2714 esset,
611 2673 694 2717 quia

25 2724 144 2754 tutum
171 2717 373 2756 Stilichonis
403 2714 574 2755 beneficio
606 2717 695 2753 litus

563 2888 581 2896 a

95 2548 191 2571 emus
229 2538 391 2581 Horslejo
437 2537 475 2571 in
520 2537 698 2570 Britannia
730 2562 737 2564 -

755 1596 838 1629 erat,
867 1587 1004 1623 Saxona.
1052 1591 1157 1623 Hunc
1177 1597 1293 1623 tamen
1310 1601 1426 1635 popu-

751 1633 824 1666 lum
844 1636 869 1667 L
890 1634 1028 1667 circiter
1044 1635 1144 1667 annis
1167 1635 1247 1679 post
1271 1646 1309 1669 ea
1338 1645 1425 1669 tem-

747 1688 834 1721 pora
851 1705 861 1718 ,
884 1678 927 1712 de
940 1677 1069 1722 quibus
1089 1679 1145 1713 hic
1165 1680 1293 1723 agitur,
1314 1679 1426 1716 sedem

751 1721 860 1756 fixisse
881 1723 917 1756 in
937 1720 1127 1765 Britannia,
1151 1723 1293 1759 constat.

797 1767 863 1808 256
887 1770 1011 1812 Spicis,
1044 1780 1130 1813 quas
1157 1781 1262 1804 manu
1285 1770 1422 1815 praefert

749 1811 941 1847 fertilitatis
961 1813 1115 1858 signum,
1139 1815 1176 1849 &
1199 1816 1314 1860 capite
1341 1828 1422 1853 cum

751 1859 898 1892 dentibus
919 1870 957 1892 ac
1001 1858 1421 1906 roboscideelephantina,

750 1903 890 1948 insignis
932 1871 1053 1938 Αίξίεει
1092 1904 1254 1950 frequens
1295 1905 1341 1940 est
1381 1908 1420 1942 in

749 1949 902 1982 nummis
928 1949 1099 1984 Hadriani
1127 1963 1158 1984 v.
1179 1962 1211 1995 g.
1233 1953 1324 1997 apud
1354 1953 1423 1986 Ar-

745 1992 869 2028 schota.
880 2004 931 2039 39,
952 2005 1009 2030 12—
1027 2004 1063 2035 15
1085 1996 1122 2030 it.
1143 1997 1272 2038 Severi,
1293 2007 1333 2031 ut
1353 1999 1423 2034 ibi-

747 2039 824 2072 dem
843 2049 955 2081 53‚i2.
1002 2040 1186 2085 Elephanti
1215 2044 1356 2078 exuvias
1383 2045 1421 2079 in

744 2085 858 2129 capite
875 2096 914 2119 eo
936 2086 1050 2119 minus
1070 2085 1267 2128 mirabitur,
1290 2088 1312 2121 si
1340 2090 1420 2133 quis

745 2130 875 2174 cogitet
905 2129 1048 2175 speciem
1075 2131 1225 2166 humana
1251 2135 1418 2174 maiorem

745 2173 799 2208 his
831 2175 962 2209 deabus
991 2174 1120 2217 tribui,
1152 2187 1192 2211 ut
1209 2179 1416 2214 nominatim

743 2219 870 2254 Africa:
898 2231 916 2254 a
938 2221 1025 2255 Plin.
1046 2220 1150 2266 Epist.
1168 2232 1199 2265 7,
1211 2233 1261 2266 27.

789 2275 849 2308 257
900 2267 1112 2300 Rubicunda:
1167 2279 1280 2314 neque
1300 2292 1303 2293 ν
1323 2270 1415 2304 enim

742 2321 861 2344 omnes
882 2310 1042 2345 Africani
1063 2312 1252 2359 Aethiopes
1265 2314 1285 2349 s.
1298 2316 1404 2359 nigri.

787 2361 848 2396 258
879 2358 1015 2390 Trabeas
1043 2357 1235 2393 consulares
1257 2360 1294 2393 δε
1310 2362 1416 2403 fasce:

740 2399 832 2435 bello
860 2401 1052 2436 Gildonico
1087 2404 1213 2437 meruit
1248 2406 1414 2440 Stilicho:

738 2446 938 2491 triumphus
947 2447 1013 2481 fine
1023 2447 1076 2481 his
1086 2448 1278 2493 iniignibus
1291 2449 1413 2486 summi

740 2492 959 2536 magistratus
989 2504 1131 2527 mancus
1162 2495 1413 2540 videri-potest.

785 2536 846 2571 261
872 2539 1008 2571 Penitus
1025 2539 1244 2583 jungendum
1273 2541 1414 2574 videtur

740 2593 820 2616 cuin
854 2581 962 2617 verbo
985 2585 1152 2617 innotare:
1183 2585 1231 2618 ira
1250 2584 1412 2620 funditus

739 2627 850 2661 deleta
874 2628 934 2662 illa
962 2612 1127 2668 rebellio,
1161 2639 1200 2662 ut
1219 2641 1260 2664 ne
1285 2641 1412 2664 nomen

736 2673 880 2754 quac-lem
900 2673 1049 2709 auctoris
1071 2674 1124 2708 vei
1141 2675 1296 2720 partium
1314 2676 1413 2712 illius

737 2728 780 2756 au
809 2727 910 2754 iatur.
