1612 2948
270 113 344 155 DE
371 111 643 154 LAUDIB.
675 110 963 154 ST'ILICH.
994 111 1112 154 LIB.
1137 112 1184 155 11

1294 127 1360 166 341

162 211 288 254 Fama
307 217 444 266 putat,
474 211 566 266 qui,
593 223 689 251 cum
715 208 862 266 poffint
884 208 1090 252 commifi'a
1111 223 1278 266 negare,

158 287 393 329 maluerunt
423 285 539 326 nullo
573 285 716 327 violati
748 285 918 327 reddere
951 284 1118 341 quaestu.

162 360 220 402 At
240 357 414 400 Stilicho
446 371 530 401 non
558 359 723 400 divitias
734 387 744 406 ,
775 358 944 414 aurique
974 357 1166 401 relietum

163 433 326 475 Pondus
341 462 351 480 ,
381 432 447 474 sed
470 434 659 488 geminos
681 445 802 480 axes,
842 439 1084 489 tantumque
1108 432 1288 476 reservat

49 510 101 548 60

163 505 405 562 Depositum
435 509 613 555 teneris,
643 513 839 563 quantum
859 504 930 547 Sol
962 507 1107 562 igneus
1129 507 1268 548 ambit.

157 585 266 634 Quid
288 597 371 624 non
401 584 630 639 intrepidus
662 584 824 630 credas,
854 584 920 624 cui
954 584 1068 637 regia
1090 588 1182 625 tuto

158 657 382 702 Creditur?
421 658 500 700 hoc
529 658 664 717 clipeo
696 658 878 699 munitus
921 657 1132 701 Honorius
1163 657 1292 698 altum

156 734 253 776 Non
280 733 438 788 gemuit
469 739 656 789 patrem3
687 732 867 788 vitaeque
894 729 937 773 &
967 731 1072 774 lucis
1095 731 1138 771 in
1158 729 1244 786 ipso

161 809 344 856 Limine,
375 814 608 851 contemtus
637 819 860 865 numquam
906 807 975 848 dat
1001 805 1094 861 jura
1124 803 1298 848 subaffls

47 890 94 936 65

160 884 389 931 Gentibus,
420 883 462 925 &
490 884 626 925 secum
649 882 771 924 sentit
801 880 970 924 creviffe
998 880 1245 935 triumphos.

213 959 349 1008 Quem
378 963 427 997 tu
447 955 500 998 fic
524 956 682 1011 placida
704 955 879 1003 formas,
909 953 962 996 fic
982 961 1122 996 mente
1152 952 1304 1001 severa,

160 1033 218 1076 Ut
240 1047 374 1089 neque
396 1031 555 1073 defidiae
578 1033 734 1080 tradas,

151 1109 274 1159 Quod
295 1107 396 1149 libet
407 1136 419 1156 ,
449 1107 687 1163 obsequeris
702 1121 712 1154 3

764 1033 860 1075 dum
886 1045 1041 1088 pronus
1064 1030 1112 1071 ad
1134 1041 1272 1078 omne,

753 1120 829 1148 nec
857 1112 1001 1147 contra
1029 1105 1155 1147 nixus
1187 1108 1382 1145 ovantem

787 1178 828 1222 Y
852 1192 870 1225 3
1324 1174 1436 1217 Con-

45 1295 88 1337 56
113 1292 285 1342 poffent--
298 1294 491 1328 Maluerint
510 1297 600 1339 vulg.
627 1295 687 1329 Sed
702 1293 821 1338 poffint
834 1292 1060 1327 -Maluerunr
1073 1294 1148 1326 boni
1164 1292 1241 1325 libri
1256 1300 1306 1335 ap.
1318 1291 1436 1338 Heius:

136 1340 184 1375 60
209 1340 309 1374 terris
332 1342 433 1376 MSS.

384 1387 485 1421 MSS.
514 1387 667 1428 Vic.Btlfi

92 1486 136 1529 56
163 1489 268 1528 Fama,
291 1487 352 1521 nisi
365 1487 527 1522 volumus
546 1486 709 1530 injuriam

48 1532 158 1567 facere
177 1534 293 1578 generi
315 1532 440 1573 nostro,
460 1544 528 1567 non
543 1532 644 1566 debet
656 1531 712 1567 hic

50 1578 239 1623 significare
269 1577 436 1612 sermones
470 1577 710 1611 multitudinis

51 1623 271 1669 promiscuae,
292 1623 347 1657 sed
367 1634 558 1668 paucorum
579 1624 714 1667 impru-

49 1669 172 1702 denter
201 1679 302 1713 atque
332 1667 488 1714 improbe
510 1668 711 1712 impiorum.

52 1714 209 1748 Ostendit
229 1713 380 1753 historia,
403 1712 502 1746 fuisse
522 1712 615 1747 omni
629 1722 714 1746 tem-

47 1771 152 1805 pore,
185 1764 245 1804 qni
268 1758 417 1793 facerent
446 1758 550 1799 talia,
573 1758 608 1792 δι
628 1756 716 1791 forte

46 1806 162 1850 plures
182 1816 284 1849 quam
298 1803 454 1848 expedit:
475 1803 531 1837 sed
549 1803 609 1847 qui
622 1802 715 1836 dice-

43 1860 134 1892 rent,
158 1850 260 1896 pauci
279 1849 455 1895 profligati
484 1848 628 1894 pudoris
655 1850 715 1882 So-

45 1895 161 1941 phistae
173 1895 332 1929 fuerunt:
356 1895 391 1929 δε
410 1896 499 1929 inter
517 1894 578 1929 hos
599 1904 712 1927 tamen

46 1941 205 1987 plerique
224 1941 317 1975 huno
334 1939 500 1974 honorem
529 1942 542 1984 (
562 1950 626 1984 pro
645 1940 714 1973 Pu-

47 1987 155 2028 dor!)
179 1985 328 2020 habuere
339 1985 492 2028 regibus,
517 1994 556 2018 ut
577 1986 631 2027 jus
641 1995 711 2018 non

46 2031 108 2065 nisi
128 2031 296 2077 regnandi
317 2030 414 2065 causa
433 2030 634 2065 violandum
647 2029 710 2063 effe

47 2077 213 2111 dicerent.
259 2078 376 2118 Poffint
393 2077 428 2110 δι
447 2078 636 2110 Malueram
659 2086 710 2109 re-

45 2122 100 2159 &e
125 2121 183 2155 fibi
213 2121 429 2166 respondent.
473 2123 564 2154 Nam
591 2123 711 2155 malue-

43 2177 127 2202 runt
179 2166 226 2201 est
273 2165 416 2201 Praesens
451 2166 500 2201 rei
546 2164 714 2211 perfeciae.

45 2212 276 2247 Penultimam
320 2213 356 2246 in
398 2211 526 2245 talibus
566 2210 716 2256 personis

45 2259 218 2303 corripere
247 2257 328 2292 solet
355 2258 456 2290 etiam
478 2256 648 2297 Ovidius,
673 2268 712 2290 ut

49 2305 240 2337 Mollierunt
260 2305 340 2337 Am.
355 2313 383 2343 2,
396 2315 419 2338 ι.
432 2313 481 2339 22.
528 2304 711 2336 Parum-unt

45 2349 173 2392 Met.4,
187 2358 248 2391 225
276 2358 338 2382 etc.

94 2424 137 2459 59
158 2416 312 2450 Geminos
330 2427 401 2448 axes
413 2442 421 2455 ,
442 2424 631 2459 utrumque
649 2415 713 2448 im-

48 2461 208 2505 perium,
248 2460 401 2494 Orientis
433 2459 470 2494 &
499 2459 713 2500 Occidentis,

48 2515 86 2540 ut
106 2511 138 2547 8,
157 2514 231 2550 395.

96 2572 136 2614 (23
164 2573 241 2605 Non
264 2572 386 2615 gernuit
403 2581 546 2617 patrem,
571 2582 641 2606 non
662 2573 715 2605 lu-

49 2619 100 2651 xit
144 2616 367 2650 insolabiliter
388 2645 396 2657 ,
439 2618 499 2661 qui
543 2618 715 2652 vicarium

47 2673 198 2740 Fatemae
229 2661 623 2706 providentiae,haberet
650 2664 717 2699 Sti-

43 2748 46 2751 ,
64 2708 230 2742 mironem.

525 1340 569 1384 64
593 1349 777 1374 contentus
796 1341 873 1374 Alci.
894 1341 964 1381 Bas:
986 1340 1027 1371 al.
1049 1340 1109 1372 Sed
1122 1346 1345 1383 contemptus

756 1384 803 1419 66
839 1383 958 1419 serena
989 1386 1093 1423 MSS.

803 1485 846 1528 67
890 1488 982 1520 Dum
1006 1507 1036 1513 --
1060 1485 1236 1529 obsequeris
1267 1492 1336 1517 non
1384 1480 1431 1516 est

757 1531 951 1566 indicativo
973 1530 1076 1565 modo
1097 1530 1240 1566 &finite
1260 1528 1433 1571 accipien-

755 1577 862 1610 dum:
896 1588 1008 1621 neque
1037 1577 1128 1610 enim
1158 1575 1223 1610 hoc
1249 1572 1363 1607 fecisse
1377 1572 1432 1606 di-

755 1621 803 1657 cit
823 1621 1070 1662 Stilichone1n3
1103 1620 1158 1654 sed
1186 1629 1304 1664 negat.
1348 1618 1429 1653 Cla-

755 1666 829 1700 rius
852 1666 1025 1710 exprimas
1052 1666 1161 1700 soluta
1189 1665 1346 1699 oratione
1367 1674 1428 1708 per

755 1711 1002 1746 Ger-undiuum
1014 1739 1021 1753 ‚
1045 1712 1247 1755 obsequendo.

801 1756 845 1795 68
871 1759 979 1791 Ovare
1006 1766 1128 1801 praeter
1154 1755 1364 1801 explicatam
1391 1752 1429 1788 in

756 1803 886 1837 Lexicis
915 1802 1063 1843 laetitiae,
1095 1813 1135 1835 ex
1166 1800 1312 1836 vidioria
1338 1809 1423 1844 prae-

753 1846 866 1881 sertim
880 1875 889 1889 ‚
914 1846 1198 1893 significationem
1212 1875 1221 1887 ,
1252 1846 1355 1879 eriam
1377 1841 1424 1878 est

754 1891 939 1933 exsultare,
964 1891 1106 1937 gestire,
1138 1892 1294 1925 alacriter
1314 1889 1344 1923 st
1366 1901 1424 1935 ge·

753 1949 825 1972 rere
846 1949 916 1983 prae
925 1937 1119 1983 cupiditate
1130 1938 1166 1971 &
1177 1936 1422 1980 studio.Qan-

754 1983 800 2018 do
820 1982 908 2017 illud
929 1983 965 2017 in
994 1981 1146 2017 thesauro
1166 1992 1316 2027 utroque
1336 1991 1423 2026 prae-

752 2027 944 2062 termiffum
966 2026 1030 2063 ess‘e
1049 2027 1172 2070 video,
1207 2027 1264 2061 hic
1282 2026 1424 2072 expian-

754 2073 806 2108 dae
825 2074 920 2108 velut
938 2073 1031 2107 illius
1051 2074 1162 2118 culpae
1181 2071 1300 2115 causa,
1324 2081 1422 2105 revo0

754 2124 861 2161 cabo,
900 2118 1045 2164 Virgilii
1078 2118 1281 2165 praesertim‚
1328 2116 1424 2150 unici

753 2166 862 2208 poetae
888 2164 1054 2209 exemplis
1087 2163 1270 2209 ponendis.
1310 2162 1425 2208 Igitur

755 2214 842 2243 Aen.
863 2221 894 2251 5,
913 2220 975 2253 503
1025 2209 1061 2243 in
1090 2208 1176 2243 ludo
1201 2209 1316 2252 Trojae
1350 2210 1424 2241 Una

752 2256 833 2289 acies
854 2257 1014 2298 juvenum
1033 2254 1100 2296 est,
1130 2256 1219 2289 ducit
1236 2265 1330 2298 quam
1346 2264 1423 2298 par-

754 2313 815 2334 vus
843 2311 991 2335 ovantem
1009 2317 1024 2324 ··
1044 2302 1200 2335 Priamus.
1245 2302 1280 2333 L.
1308 2309 1336 2341 3,
1358 2303 1419 2341 189

754 2345 912 2380 Anchisae
922 2347 1077 2381 monenti
1087 2344 1331 2380 discedendum
1342 2341 1420 2383 effe,

751 2393 866 2426 Ctmc'li
883 2393 963 2426 dicre
986 2402 1134 2436 paremus
1151 2399 1299 2431 ovantes,
1327 2390 1425 2423 Hane

755 2449 874 2481 quoque
893 2439 1062 2480 deferimus
1074 2439 1191 2482 sedem.
1237 2437 1279 2468 Et
1298 2433 1340 2468 de
1362 2432 1422 2466 ad-

757 2493 862 2516 ventu
883 2483 920 2516 in
951 2483 1019 2517 alio
1048 2483 1124 2517 loco
1161 2480 1266 2515 exsilii
1297 2489 1325 2521 3,
1358 2488 1422 2521 544

759 2528 843 2562 Tum
860 2529 991 2562 numina
1001 2529 1110 2573 Jlmffa
1134 2538 1299 2573 precamur
1318 2526 1426 2559 Paua-

755 2575 805 2607 dis
825 2576 1012 2618 armzfinae‚
1046 2585 1115 2617 quae
1140 2575 1280 2617 primum
1300 2571 1421 2615 accepit

756 2629 897 2652 ovanter.
920 2620 1006 2653 Aen.
1019 2630 1050 2661 4,
1062 2628 1118 2660 543
1141 2617 1236 2651 Dido
1257 2614 1426 2650 deliberat

759 2666 832 2699 Sola
848 2666 931 2708 fuga
950 2673 1063 2698 nautas
1078 2664 1249 2697 comitabor
1269 2663 1426 2695 ovantes?

760 2720 832 2745 non
869 2709 1122 2756 triumphantes
1148 2706 1322 2755 profesto,
1370 2705 1425 2739 sed

1283 2750 1431 2786 studiose
