1612 2948
299 141 373 182 DE
401 138 585 182 CONS.
622 129 915 181 STILICH'.
975 137 1190 182 LIB.111

1326 154 1391 190 39¹

79 251 144 288 223
192 238 312 282 Edita
330 239 397 281 vel
415 251 593 294 genero,
625 238 768 278 Romae
789 236 944 291 majora
971 236 1162 278 reservat.

186 313 366 355 Auratos
403 311 577 353 Rhodiis
595 311 769 360 imbres,
809 310 1000 352 nascente
1031 310 1236 362 Minerva,

186 386 392 430 Indulfiffe
414 387 560 436 Jovem
589 387 832 442 perhibent:
873 385 1116 440 Bacchoque
1138 392 1357 440 paternum

189 460 279 508 Jam
310 461 493 515 pulsante
517 460 672 507 femur,
709 466 889 500 mutatus
916 458 1064 513 palluit
1084 458 1262 500 Hermus

187 532 238 574 Iri
271 535 474 588 pretium:
514 535 682 588 votique
708 532 859 574 famem
880 530 1061 586 paffurus
1081 532 1193 572 avari

78 619 149 655 230
188 606 354 649 Ditabat
381 608 526 656 rutilo,
557 607 752 662 quidquid
774 606 884 648 Mida
903 612 1114 660 tangeret,
1143 616 1265 645 auro:

192 679 227 721 F
231 679 360 727 abula,
388 680 457 722 seu
476 693 644 728 verum,
674 680 858 726 canitur;
895 684 965 719 tua
986 677 1104 733 copia
1133 677 1264 717 vincit.

186 754 364 797 Fontem
385 755 550 803 Hermi,
580 753 814 810 tactumque
830 754 966 800 Midae,
977 739 1240 808 pluviamque
1253 748 1469 794 Tonantis.

194 830 392 872 Obscurat
422 838 586 872 veteres
596 859 607 878 ,
637 829 946 885 obscurabitque
972 828 1130 869 futuras

191 902 267 943 Par
290 903 408 944 donis
430 903 629 959 armisque
656 915 814 943 matius.

874 900 918 943 Si
942 901 1120 942 solveret
1143 900 1267 955 ignis,

79 989 142 1027 235
184 980 295 1028 Quas
323 979 436 1021 dedit
458 980 657 1021 immanes
679 979 752 1020 vili
776 978 844 1020 sub
863 977 1067 1034 pondere,
1097 974 1238 1016 massas
1254 988 1267 1015 ε

190 1052 367 1106 Argenti
396 1057 568 1107 potuere
603 1052 715 1094 lacus
739 1051 781 1094 &
804 1051 975 1092 flumina
1006 1050 1137 1091 fundi.

244 1124 333 1165 Nec
351 1125 451 1172 tibi,
482 1138 573 1180 quae
595 1125 750 1180 pariter
775 1122 884 1164 silvis
922 1122 1144 1163 dominaris
1169 1118 1212 1162 &
1230 1116 1360 1166 astri&

189 1197 395 1254 Exiguam
417 1197 593 1241 Stilicho
614 1200 770 1247 movit,

80 1376 138 1409 227
162 1366 329 1402 inclufiss‘e
357 1369 429 1417 Cuj.

81 1428 133 1458 fas
152 1444 184 1451 ·-
201 1421 398 1458 obscurabis
418 1418 493 1458 MS.
520 1422 656 1455 futuras
677 1423 752 1456 MS.

521 1374 583 1408 228
607 1366 741 1402 laxante
771 1369 871 1403 MSS.
902 1365 1041 1402 lassante
1072 1364 1171 1400 MSS.

798 1197 971 1239 Latonia
982 1226 994 1246 ,
1023 1209 1177 1238 curam.

824 1271 961 1320 Bb4
1399 1259 1469 1305 Tu

1269 1369 1329 1404 233
1350 1356 1454 1394 obscu
1467 1376 1474 1384 .

844 1429 903 1462 235
926 1418 1020 1465 quod
1041 1421 1116 1453 MS.
1157 1416 1233 1448 hine
1244 1415 1360 1457 Heius:
1387 1412 1472 1454 conj,

168 1481 284 1528 Qiot:
305 1481 359 1514 vel
387 1479 492 1524 Qod
519 1478 634 1521 dedit,
661 1478 841 1520 immanis,
865 1476 928 1511 vili
957 1487 1019 1510 ceu
1048 1473 1213 1521 pondere,
1235 1468 1358 1505 maffae.

79 1565 320 1601 admirabilem
338 1568 439 1611 poeta
457 1563 695 1599 liberalitatem
717 1564 752 1599 ὃτ-

83 1611 380 1657 magnificentiam
417 1609 592 1656 praedicat.
671 1611 754 1642 Erat

81 1670 121 1693 eo
141 1668 294 1703 tempore
313 1655 520 1691 Consulatus
548 1655 662 1700 gravis
690 1654 756 1687 sar-

83 1703 162 1739 cina
190 1702 414 1748 patrimonii,
449 1700 543 1744 quod
571 1701 606 1734 in
634 1699 755 1745 primis

81 1760 125 1784 ex
155 1746 351 1794 Symmachi
385 1745 538 1792 epistolis
579 1744 755 1791 pluribus,

84 1795 121 1828 ἃ
141 1803 212 1828 tota
238 1792 497 1839 Diptychorum
525 1790 756 1825 consularium

86 1839 228 1874 historia
245 1839 385 1873 constat.
408 1838 488 1872 Vid.
501 1837 542 1871 ad
554 1846 622 1880 347.

91 1908 94 1910 v
134 1885 198 1920 226
231 1884 370 1919 Pabulae
396 1883 474 1918 fons
501 1885 674 1918 Homerus
701 1885 754 1916 12..

86 1934 125 1974 β,
139 1931 228 1974 670:
263 1929 319 1964 sed
339 1927 400 1963 ubi
431 1927 536 1963 modo
556 1927 757 1973 simpliciter

89 1978 159 2019 ait,
215 1977 283 2010 Kal
318 1979 398 2016 σφιν
429 1975 594 2012 θεσπέσιον
629 1976 755 2007 πλέτον

86 2023 254 2063 κατέχευε
280 2024 432 2063 Κρονίων,
454 2017 591 2054 defudit
610 2018 757 2053 Rhodiis

86 2068 226 2103 divinas
254 2066 406 2100 divitias.
458 2067 591 2099 Verum
616 2075 760 2097 exorna-

90 2115 142 2147 vit
171 2112 338 2146 Pindarus
371 2112 427 2146 Ol.
449 2124 478 2151 7,
490 2110 529 2151 63
560 2111 649 2144 Ενθα
673 2110 757 2142 ποτὲ

89 2160 196 2203 βρέχε
212 2161 294 2192 θεῶν
311 2156 480 2198 βασιλεύς
505 2155 524 2189 ὁ
543 2156 654 2197 μέγας
672 2168 759 2198 χρυ-

92 2211 166 2240 σαῖς
186 2205 350 2245 νιφάδεσσι
378 2203 498 2241 naam,
528 2202 640 2235 aureis
669 2201 757 2233 nim-

92 2249 148 2285 bis
172 2248 294 2283 urbem
318 2247 461 2288 furavit,
484 2258 576 2287 oum,
600 2246 759 2280 Vulcano

92 2295 336 2330 obstetricante
353 2278 498 2338 bipenni
518 2291 576 2325 sua
590 2320 599 2331 ,
623 2291 665 2324 de
684 2302 760 2324 vei·-

92 2342 161 2375 tice
180 2340 271 2375 Iovis
292 2340 450 2373 Minerva
472 2336 627 2383 prosiliit.
674 2336 766 2370 Reli-

93 2398 164 2431 qua
193 2383 290 2420 dabit
317 2382 514 2420 volentibus
540 2381 708 2417 Meursius
731 2383 768 2416 in

93 2431 229 2466 Rhodo.
243 2441 268 2470 1,
282 2440 328 2473 17.

142 2487 200 2519 227
239 2477 328 2510 Tota
347 2474 464 2521 ‚Lydia
499 2474 631 2509 Baccho
666 2472 767 2514 sacra,

100 2522 305 2558 nominatim
333 2523 505 2561 Hermus,
547 2519 619 2554 vid.
641 2529 690 2562 35,
710 2519 766 2561 67.

100 2571 195 2602 Cum
214 2565 372 2600 auriferis
390 2566 493 2599 etiam
513 2563 594 2600 alias
612 2565 771 2598 nominat

100 2613 232 2648 noster:
264 2611 319 2645 sed
344 2610 409 2645 hoc
438 2609 525 2645 forte
550 2610 639 2645 solus
667 2609 771 2643 hodie

101 2658 225 2699 habet,
269 2668 353 2691 auro
377 2658 493 2701 pallere
523 2653 660 2701 coepiss'e
681 2657 768 2688 Hei·-

104 2716 198 2739 mum
211 2731 220 2743 ‚
244 2713 315 2747 quo
333 2712 488 2746 tempore
507 2700 672 2742 Bacchus,
701 2699 768 2734 ful-

800 1573 918 1604 uteto,
965 1561 1005 1596 ἃ·
1029 1559 1151 1594 femori
1189 1557 1287 1602 Jovis
1320 1553 1470 1589 inclusus

796 1609 933 1642 exitum
955 1606 1146 1640 moliretur.
1189 1605 1292 1638 Certe
1311 1600 1475 1647 parallela

797 1651 915 1687 fabula
935 1651 998 1693 illi,
1021 1650 1064 1684 de
1084 1660 1186 1683 aureo
1205 1646 1314 1682 imbre
1334 1645 1474 1680 indulto

798 1697 956 1733 Rhodiis.
1014 1698 1135 1729 Fallere
1171 1693 1242 1727 dici
1272 1688 1315 1726 de
1349 1691 1468 1726 colore

800 1743 875 1778 auri
889 1771 897 1783 ,
923 1754 962 1777 ex
983 1741 1156 1785 Diogenis
1176 1737 1470 1783 apophthegmate

801 1799 945 1829 notum,
969 1798 1030 1831 qui
1049 1793 1303 1829 interrogatus,
1325 1791 1387 1816 cur
1408 1792 1468 1814 au-

800 1845 878 1868 rum
909 1832 1035 1879 palleat
1056 1832 1073 1865 ’.Ρ
1106 1829 1302 1875 respoudit,
1335 1828 1467 1862 Multos

797 1879 1010 1915 insidiatores
1029 1875 1142 1913 habet.
1163 1877 1271 1910 Laert.
1284 1874 1318 1916 6,
1330 1882 1378 1914 51.

844 1956 895 1989 23!
941 1948 1010 1979 Tua
1046 1944 1154 1987 eopia,
1192 1939 1380 1975 liberalitas
1410 1948 1470 1972 rua

799 1991 984 2026 consularis
1005 1990 1040 2023 in
1058 1988 1250 2033 spargendo
1267 1996 1363 2020 auro.
1387 1983 1467 2018 Vid.

801 2037 845 2071 ad
855 2042 974 2078 20‚85.
1019 2036 1099 2068 Huc
1125 2032 1300 2078 pei-tinent
1326 2030 1377 2065 illi
1398 2029 1469 2063 sac-

802 2083 832 2117 ci
856 2082 909 2116 vel
929 2081 1028 2116 folles
1047 2077 1166 2114 inversi
1186 2086 1411 2111 nummorum
1431 2076 1468 2108 in

803 2127 1009 2172 Diptyehis‚
1050 2125 1093 2160 de
1121 2122 1250 2169 quibus
1276 2132 1387 2167 nuper
1413 2130 1469 2153 ac-

801 2183 918 2207 curate
944 2180 983 2205 ut
1009 2170 1092 2206 solet
1119 2169 1190 2203 ecrit
1207 2167 1262 2202 Cl.
1278 2167 1402 2201 Saxius
1429 2166 1468 2200 ii»

802 2219 902 2264 Dipr.
920 2217 1043 2262 Magni
1061 2200 1220 2258 Confidis
1238 2224 1258 2248 a
1277 2225 1311 2260 p.
1325 2222 1374 2255 34.

849 2294 905 2327 235
939 2283 1011 2318 Vilz'
1032 2284 1093 2327 sub
1118 2282 1278 2326 pondere,
1314 2277 1467 2323 pondere

810 2330 895 2365 adeo
913 2340 1062 2373 magno,
1091 2338 1130 2361 ut
1152 2327 1214 2372 qui
1236 2322 1469 2359 illudindica·

809 2377 838 2410 ri
857 2375 946 2410 forte
963 2373 1098 2409 audiret
1112 2401 1121 2414 ,
1144 2382 1214 2405 non
1233 2370 1276 2404 de
1291 2366 1470 2403 nobilibus

810 2420 979 2462 metallis,
999 2419 1055 2453 sed
1076 2419 1118 2452 de
1133 2414 1319 2462 ‚lapidibus
1339 2423 1398 2447 aut
1420 2413 1475 2446 vi-

806 2467 830 2501 li
854 2467 920 2502 alia
939 2465 1080 2500 materia
1101 2463 1288 2498 sermonem
1314 2457 1391 2500 effe,
1417 2457 1470 2492 su-

807 2512 1004 2559 spicaretur.
1246 2523 1251 2529 ·

833 2572 917 2606 »237
948 2561 1006 2595 Ad
1037 2559 1235 2594 venationes
1262 2558 1330 2600 jam
1358 2555 1474 2589 transit

810 2610 846 2644 &
864 2608 1016 2642 ferorum
1047 2604 1379 2650 peregrinorumque
1402 2611 1462 2634 ani

813 2654 957 2688 malium
990 2650 1191 2697 speecicula.
1261 2648 1327 2681 His
1359 2643 1477 2692 praeest

814 2701 928 2733 Diana
958 2697 1117 2731 filvarum
1153 2695 1250 2734 Dea,
1288 2692 1408 2726 eadem
1444 2691 1480 2724 in

106 2751 243 2784 minatae
275 2748 394 2782 matris
428 2747 575 2781 Semeles
619 2755 774 2780 exemtus
814 2745 898 2780 caelo
917 2747 1034 2783 Luna,
1056 2743 1187 2776 Hecate
1199 2735 1444 2785 apudinferos.
