1612 2948
484 106 573 151 CL.
617 104 1006 149 CLAUDIANI
1055 104 1104 148 ‘V

237 209 364 263 Cujus
387 207 425 248 se
445 208 570 248 toties
594 203 770 246 submisit
790 205 838 244 ad
860 203 993 244 oscula
1013 203 1181 258 supplex

238 281 444 323 Nobilitas
458 309 467 326 ‚
490 278 700 318 inhumata
720 277 810 322 diu,
836 275 1060 330 miseroque
1083 275 1238 316 revulsa

244 354 433 407 Corpore
453 350 623 390 feralem
646 348 843 403 quaestum
863 347 951 402 post
972 347 1052 389 fata
1072 348 1269 403 poposcit.

237 426 444 480 Adspiciat
473 423 656 479 quisquis
690 423 865 462 nimium
885 421 1035 462 sublata
1058 421 1242 463 secundis

203 117 252 158 68

128 365 203 404 445

237 501 355 542 Colla
375 501 494 554 gerit.
524 499 659 539 triviis
680 497 896 540 calcandus
915 496 1113 552 spargitur
1134 509 1243 543 ecee,

238 575 323 623 Qui
343 572 413 614 fibi
437 573 667 627 pimmidas,
692 572 761 626 qui
784 585 867 611 non
890 570 1076 611 cedentia
1095 570 1261 624 templis

240 650 445 690 ornatura
465 648 556 689 suos
587 646 789 688 exstruxit
808 647 987 688 culmina
1007 645 1162 695 Manes,

132 736 209 775 450
246 724 323 773 Et,
345 725 415 779 qui
438 722 609 764 Sidonio
632 723 759 763 velari
783 722 955 763 credidit
976 720 1096 767 ostro,

241 800 386 842 Nudus
407 799 531 853 pascit
552 811 661 839 aves.
686 798 796 852 jacet
817 810 888 844 en,
909 797 977 851 qui
999 793 1168 850 poffidet
1189 793 1343 843 orbem,

239 874 417 928 Exiguae
437 873 598 914 telluris
619 873 761 926 inops,
789 872 832 913 &
850 872 1020 926 pulvere
1043 884 1132 910 raro

243 948 320 989 Per
340 957 475 1002 partes
497 949 667 1002 tegitur,
690 959 890 1001 nusquam
908 948 1114 1001 totiesque
1137 944 1331 1003 sepultus.

245 1021 468 1063 Senserunt
489 1035 679 1062 convexa
697 1033 865 1067 necem,
887 1020 1090 1075 tellusque
1111 1019 1333 1059 nefandum

245 1096 455 1137 Amolitur
475 1107 593 1135 onus.
621 1095 705 1148 jam
733 1093 1023 1148 respirantibus
1041 1092 1167 1141 astris,

247 1167 439 1209 Infernos
464 1173 607 1222 gravat
631 1166 774 1207 umbra
792 1165 917 1207 lacus.
947 1173 1063 1221 pater
1085 1165 1238 1206 AEacus
1257 1163 1412 1214 horret,

244 1241 554 1295 latrantemque
577 1241 700 1280 etiam
721 1241 870 1281 latratu
893 1238 1094 1280 Cerberus
1115 1244 1248 1292 urget.

133 1107 201 1146 435

245 1315 366 1357 Tunc
386 1317 556 1364 animae,
594 1329 694 1370 quas
716 1316 785 1355 ille
806 1314 895 1354 fero
917 1314 986 1355 sub
1003 1314 1095 1368 jure
1119 1315 1309 1368 peremit,

249 1389 544 1438 Circumstant,
564 1390 755 1454 nigrique
775 1388 944 1430 trahunt
966 1389 1013 1429 ad
1031 1388 1181 1443 judicis
1202 1401 1361 1435 urnam,

1379 1459 1533 1502 Infesto

139 1577 206 1620 446
233 1587 273 1610 ne
301 1577 381 1620 quis
408 1580 499 1621 vulg.
657 1587 720 1622 447
744 1584 839 1622 ger-at
868 1579 911 1611 al.
1070 1584 1136 1616 450
1158 1574 1310 1608 creditur
1334 1576 1407 1618 Bas?
1432 1588 1533 1619 marg.

141 1623 211 1669 Qi
248 1622 277 1656 se
306 1622 377 1656 Sid.
402 1621 589 1656 velandum
612 1622 772 1656 credidit.
792 1634 822 1657 o.
836 1625 912 1656 MS.
936 1620 1086 1655 creditus
1108 1623 1222 1663 Heius.
1364 1630 1424 1662 453
1445 1632 1535 1655 nun-

186 1679 291 1713 quam
319 1670 411 1713 vulg.
502 1677 564 1710 455
587 1668 760 1701 Emolitur
790 1671 881 1712 vulg.
980 1676 1041 1709 457
1066 1667 1167 1700 etiam
1187 1667 1330 1710 displicet
1347 1668 1489 1708 Heinsio.

576 1723 641 1759 459
665 1714 851 1758 Stygiique
874 1714 968 1747 malit
987 1714 1102 1757 Heius.
1350 1743 1353 1745 .

190 1815 256 1850 449
281 1807 430 1840 Culmimz
449 1808 564 1839 Manes
582 1814 746 1846 ornatura,
766 1805 826 1838 de·
860 1806 1007 1849 fitperfam
1035 1805 1118 1838 labes
1154 1814 1308 1839 vocatur.

142 1849 282 1895 scriptio
294 1851 497 1884 monimenti
511 1850 688 1896 magnifici
702 1849 827 1884 {IMau-
932 1851 937 1856 '

1375 1806 1430 1840 Sic
1458 1820 1474 1840 a
1506 1820 1539 1840 ,τι

869 1850 1085 1894 accipienda,
1107 1861 1181 1894 quae
1200 1861 1287 1894 aegre
1307 1808 1539 1896 adspiciebgnt

143 1896 237 1931 solei.

196 1951 264 1984 450
287 1942 438 1976 Rufinus
457 1943 593 1975 credidit
616 1942 742 1980 velari,
769 1952 826 1974 ve-

149 1987 296 2022 landum
324 1987 354 2021 se
379 1987 565 2030 aliquando
586 1986 650 2020 effe
670 1988 707 2020 in
727 1985 827 2020 fune-

149 2044 185 2066 re
207 2044 373 2077 purpura.
420 2031 624 2066 Graecisinus
644 2033 756 2077 poetis
775 2031 825 2065 fa-

153 2078 313 2111 miliaris.

200 2133 256 2166 451
280 2125 329 2155 Ex
349 2122 424 2156 len-e
445 2122 587 2157 Arcadii
609 2122 643 2155 δε
665 2122 826 2163 Honorii,

158 2179 195 2211 14
215 2171 254 2203 C.
274 2153 405 2202 Theoti.
427 2168 468 2201 de
488 2166 588 2202 bonis
607 2168 826 2212 proscriptor.

155 2224 297 2259 apparet
319 2212 497 2247 immensas
519 2211 617 2245 fuiffe
645 2214 710 2246 viri
732 2224 828 2258 opes,

153 2271 223 2292 cnm
243 2261 340 2292 ediaa
365 2259 401 2292 de
421 2259 461 2290 iis
480 2259 609 2291 interim
636 2270 654 2291 a
669 2260 742 2301 fisco
758 2260 830 2302 pos-

148 2306 288 2346 fidendis
305 2315 364 2349 per
382 2315 487 2337 omnes
498 2305 826 2348 provinciaspropofi-

157 2360 191 2384 ta
203 2353 281 2392 fint.

203 2405 261 2437 453
295 2397 463 2438 Nusquam
498 2394 643 2437 fipulrus
684 2394 828 2438 integer,

155 2443 247 2474 toties
262 2442 424 2484 sepultus,
453 2448 538 2483 quot
557 2438 640 2472 locis
659 2439 828 2482 particula

157 2486 313 2531 corporis
344 2485 480 2529 reliquo
509 2483 645 2529 pulveri
676 2482 829 2518 admixta

157 2531 214 2565 est.

205 2585 269 2619 454
293 2578 438 2610 convexa
476 2574 549 2609 caeli
588 2573 825 2618 intelligenda,

157 2630 195 2654 ut
225 2623 297 2654 AEn.
320 2632 351 2663 4,
369 2631 425 2662 451
473 2622 552 2654 Caelz'
583 2631 717 2653 convexa
742 2621 825 2659 tueri

155 2667 270 2700 vivere
292 2666 381 2699 iuter
408 2665 551 2709 superos'
566 2663 632 2706 est,
652 2665 687 2699 &
708 2660 827 2698 inferis

154 2711 178 2745 s.
198 2712 301 2746 morti
331 2711 534 2757 opponitur.
581 2710 638 2744 Sic
661 2720 738 2744 mox
756 2715 826 2753 498

867 1894 984 1929 Rufini
1009 1895 1140 1929 scelera.

916 1951 980 1985 459
1011 1944 1132 1975 Urnmn
1160 1940 1255 1974 illam
1283 1944 1392 1986 poetae
1417 1941 1538 1977 sumse-

868 1996 950 2020 runt
970 1986 1011 2019 de
1031 1986 1172 2029 judiciis
1193 1988 1396 2020 Graecorum
1416 1988 1451 2021 &
1470 1989 1539 2022 Ro—

869 2043 1073 2073 manorum,
1095 2033 1131 2065 in
1152 2030 1280 2075 quibus
1297 2041 1383 2065 urna
1401 2032 1538 2067 adhibi-

870 2075 941 2110 bita
970 2075 1218 2117 sortiebantur,
1257 2075 1360 2121 quam
1391 2078 1538 2120 causam,

866 2124 927 2166 qui
957 2122 1088 2166 judices
1117 2121 1331 2165 judicarent.-
1355 2124 1389 2155 in
1415 2134 1539 2158 urnam

869 2168 950 2201 item
980 2168 1032 2200 vel
1059 2166 1191 2200 situl-„un
1223 2166 1453 2209 conjiciebant
1473 2171 1541 2202 cal-

868 2213 965 2248 culos
986 2212 1005 2247 s.
1028 2211 1169 2246 tabellas
1188 2211 1430 2256 suffragiorum
1459 2217 1543 2249 taci-

872 2269 986 2292 torum
1010 2257 1152 2291 indices.
1221 2257 1319 2290 Prior
1348 2260 1437 2293 ratio
1459 2272 1540 2305 pro-

897 2304 944 2336 rie
963 2302 1028 2336 huc
1048 2301 1293 2342 conveniebat,
1316 2314 1418 2347 quam
1441 2305 1541 2339 intel·

872 2316 957 2393 figet
976 2348 1098 2382 melius
1111 2375 1119 2387 ‚
1148 2346 1169 2380 sl
1199 2348 1276 2391 quis
1295 2347 1538 2394 Aristophanis

874 2396 966 2437 jocos
984 2394 1084 2428 Pluto
1104 2401 1161 2434 277
1181 2392 1216 2426 &
1231 2403 1292 2436 973
1315 2394 1465 2438 itemque
1476 2398 1542 2430 Ec-

874 2439 1000 2473 clesiaz.
1022 2439 1088 2481 679
1113 2436 1266 2471 conferat
1285 2450 1363 2472 cum
1389 2440 1540 2475 iuono-

872 2494 934 2518 rat.
962 2484 1028 2518 od.
1049 2486 1136 2524 2,‘3.
1162 2491 1199 2523 25
1248 2485 1403 2518 Omnium
1434 2490 1541 2530 vevjfil-

871 2538 926 2563 tur
957 2541 1040 2563 vrna
1063 2530 1166 2572 serim
1196 2530 1280 2561 ocius
1303 2532 1375 2563 Sors
1405 2533 1541 2565 exitura.

872 2577 1020 2615 Verum,
1039 2583 1076 2607 ut
1100 2572 1161 2615 fit,
1181 2584 1249 2607 non
1270 2585 1407 2608 manent
1428 2576 1538 2610 homi--

869 2631 927 2653 nes
949 2620 982 2653 in
1002 2619 1125 2664 primis
1146 2619 1240 2651 velut
1259 2618 1395 2663 orbitis,
1414 2620 1468 2655 sed
1490 2622 1539 2656 la·-

871 2665 942 2710 tius
963 2675 1030 2710 qua
1047 2662 1145 2698 lubet
1161 2674 1361 2710 evagantur.
