1612 2948
380 82 473 126 DE
501 81 601 124 ΙΙΙ.
656 78 840 126 coNs,
869 79 1104 125 HONOR

168 182 387 230 Edomuit,
418 179 668 236 Scotumque
688 193 794 235 vago
822 193 1020 221 mucrone
1041 179 1216 229 secutus,

51 195 94 238 55

1311 97 1365 137 79

165 257 310 313 Fregit
339 253 630 310 Hyperboreas
662 254 788 294 remis
822 253 1038 295 audacibus
1060 254 1202 301 undas,

165 332 220 377 Et
242 331 422 388 geminis
446 330 611 384 fulgens
642 338 816 386 utroque
837 329 907 371 sub
929 343 1006 371 axe
1032 331 1202 385 tropaeis

166 409 360 464 Tethyos
391 408 559 448 alternae
589 405 739 448 refluas
760 407 931 448 calcavit
954 419 1111 447 arenas.

163 484 251 527 Hos
273 483 347 525 tibi
367 483 568 524 virtutum
588 482 795 530 stimulos,
817 481 905 523 haec
926 482 1079 524 semina
1100 482 1280 534 laudum,

49 565 100 602 60

157 560 258 603 Haec
281 559 472 614 exempla
493 558 623 600 dabat.
656 571 740 599 non
766 558 882 598 ocius
904 557 1032 599 hausit
1054 558 1242 600 Achilles

158 633 350 676 Semiferi
377 640 584 689 praecepta
605 633 725 681 senis,
746 631 816 673 seu
838 630 1012 686 cuspidis
1035 640 1157 681 artes,

161 709 258 753 Sive
280 712 387 767 lyrae
411 718 554 752 cantus
568 739 579 759 ,
601 710 783 750 medicas
803 708 873 751 seu
895 707 1068 752 disceret
1092 708 1253 750 herbas.

214 787 379 829 Interea
400 786 559 828 turbata
579 783 681 836 fides
696 814 705 832 ,
739 784 878 826 civilia
898 783 1037 825 rursus

160 863 278 905 Bella
300 868 464 910 tonant,
496 861 746 917 dublumque
774 861 906 916 quatit
930 859 1128 900 discordia
1153 860 1365 902 mundum.

78 947 93 959 ·
160 937 239 979 Pro
261 937 418 979 crimen
439 933 663 990 Superum,
683 934 799 990 longi
822 947 897 989 pro
917 933 1095 975 dedecus
1117 934 1213 981 aevi‚

162 1008 364 1052 Barbarus
387 1007 602 1062 Hesperias
633 1007 750 1048 exsul
769 1005 998 1062 possederat
1020 1005 1154 1054 urbes,

153 1080 404 1138 Sceptraque
433 1080 593 1136 deje&o
614 1082 785 1122 dederat
807 1080 993 1122 Romana
1012 1081 1169 1122 clienti.

160 1159 249 1209 Jarn
270 1160 466 1214 Princeps
486 1158 656 1199 molitur
676 1159 776 1206 iter,
805 1164 1034 1213 gentesque
1056 1162 1236 1197 remotas

167 1232 341 1288 Colligit
363 1234 562 1280 Aurorae,
598 1232 781 1274 tumidus
805 1244 1080 1286 quascumque
1100 1235 1285 1284 pererrat

49 1319 103 1360 70
171 1306 420 1361 Euphrates,
440 1318 539 1361 quas
560 1304 702 1347 lustrat
724 1305 868 1361 Halys,
900 1318 999 1360 quas
1018 1306 1120 1345 ditat
1139 1304 1336 1345 Orontes.

161 1377 381 1421 Turiferos
400 1377 558 1419 Arabes
578 1376 722 1425 saltus,
759 1377 860 1417 vada
881 1375 1022 1431 Caspia
1041 1376 1165 1424 Medi,

155 1453 347 1500 Armenii
369 1451 532 1500 Phasin,
561 1451 701 1493 Parthi
722 1452 879 1507 liquere
899 1451 1123 1506 Niphaten.

213 1528 319 1580 Quae
340 1528 417 1572 tibi
447 1534 546 1570 tunc
569 1526 713 1572 Martis
743 1528 889 1578 rabies,
919 1527 1176 1584 quantusque
1198 1525 1394 1583 sequendi

202 1707 244 1742 55
269 1710 400 1747 vagum
426 1702 469 1737 al.-
490 1700 587 1736 etiam
614 1702 687 1747 Bast
714 1711 820 1746 marg.

46 1785 198 1821 Pindaro
226 1788 280 1822 vel
307 1787 540 1833 undecunque
577 1786 723 1832 accepis-

1317 1601 1453 1646 Ardor

956 1706 997 1741 58
1022 1696 1170 1754 refugas
1194 1702 1299 1736 MSS.

814 1786 863 1822 60
887 1785 1041 1821 Achilles
1062 1787 1099 1821 in
1111 1785 1275 1821 Chironis
1287 1787 1458 1822 Centauri

45 1832 77 1866 se
90 1860 99 1874 ,
119 1831 386 1878 Hyperboreum
408 1844 500 1867 mare
517 1831 582 1867 esse
601 1834 725 1868 Atlan-
769 1841 868 1866 antro
894 1831 1020 1865 didicit
1040 1832 1184 1867 tradiare
1205 1843 1311 1873 arma,
1331 1832 1454 1878 lyram,

45 1878 167 1912 ticum.
213 1878 280 1912 Sed
303 1878 373 1913 haec
397 1878 494 1913 alias.

94 1932 133 1966 57
156 1925 196 1956 In
214 1923 468 1958 mediterraneo
499 1923 585 1957 mari
609 1922 725 1958 aestum

48 1979 119 2002 non
139 1967 384 2011 observarunt,
405 1968 625 2004 ordinarium
648 1969 725 2013 qui-

47 2014 128 2048 dem
146 2040 159 2054 ‚
184 2015 354 2049 homines.
397 2013 611 2048 Theodosius
639 2014 729 2048 vidit

47 2068 241 2105 utrumque
274 2061 455 2095 Oceanum
497 2061 643 2104 ejusque
676 2070 728 2092 re-

45 2104 134 2140 fluas
158 2116 238 2140 cum
261 2116 350 2151 aqua
368 2115 500 2147 arenas,
517 2115 593 2138 tuin
616 2105 729 2145 illum,

48 2151 112 2196 qui
139 2150 187 2185 est
221 2160 318 2185 extra
346 2151 529 2186 columnas
561 2149 604 2184 ad
634 2149 732 2184 Afri-

48 2207 137 2239 cam,
158 2205 232 2231 tum
251 2197 501 2231 Britannicum.
549 2197 629 2231 Axis
638 2205 729 2230 uter-

45 2254 106 2287 que
154 2253 224 2277 non
263 2243 325 2277 illa
364 2241 658 2288 Geographorum
690 2241 726 2276 &

49 2287 342 2323 Astronomorum
381 2288 515 2323 ratione
560 2288 728 2332 ponitur:

48 2332 106 2368 sed
131 2344 196 2379 pro
225 2344 321 2369 more
350 2334 532 2378 'poetarum
560 2332 727 2367 diversam

46 2378 122 2414 caeli
142 2378 302 2424 plagam,
332 2379 427 2413 illam
458 2379 608 2413 calidam
633 2377 730 2413 Afri-

46 2435 116 2466 cae,
158 2422 194 2458 ὃι
227 2423 394 2470 frigidam
420 2424 608 2460 Britanniae
645 2425 731 2459 alte·

48 2480 135 2504 ram.
179 2469 260 2504 Vid.
278 2469 319 2503 ad
342 2479 395 2512 15,
417 2476 493 2514 458.

95 2524 140 2560 59
170 2513 316 2549 Pulchre
343 2518 469 2561 semim
507 2515 655 2550 landum.-
686 2526 728 2549 ex

47 2560 230 2606 praeceptis
269 2569 435 2606 tanquam
461 2561 648 2596 seminibus
664 2588 674 2602 ‚
703 2560 727 2595 fi

47 2607 88 2640 in
108 2604 241 2639 bonum
262 2616 389 2650 agrum
410 2606 589 2648 incidant,
610 2606 729 2641 oriun-

47 2650 215 2731 turlfadga
236 2649 341 2687 laude
357 2651 486 2698 digna,
512 2652 548 2688 ἃ
569 2651 648 2700 ipsae
669 2650 728 2688 ad-

48 2706 91 2732 eo
126 2707 168 2732 au
197 2706 242 2732 ee.

770 1877 990 1911 medicinam.
1002 1877 1172 1912 Vid.Stat.
1185 1877 1312 1911 Achill.
1338 1889 1362 1919 1,
1386 1879 1455 1912 116.

823 1922 867 1963 65
892 1923 959 1956 Hic
977 1931 1067 1956 certe
1089 1921 1306 1957 Christianus
1326 1933 1396 1957 non
1409 1924 1456 1957 eit

773 1968 1013 2003 Claudianus:
1036 1968 1091 2002 sed
1112 1979 1212 2002 verus
1230 1969 1365 2003 Stoicus
1380 1997 1388 2011 ,
1415 1978 1455 2002 ut

773 2016 932 2047 Lucanus
956 2020 988 2055 8,
1008 2023 1072 2059 597
1120 2015 1186 2048 Pro
1213 2016 1362 2058 supervlm
1392 2025 1453 2059 pu·

776 2060 855 2095 dor!
878 2058 913 2093 &
943 2069 1022 2093 mox
1049 2059 1119 2101 605
1164 2061 1341 2103 Nunquam
1359 2062 1452 2105 sup?-

774 2106 844 2139 ram
867 2106 1009 2138 caritura
1027 2107 1149 2150 pudore
1163 2106 1301 2148 fabula!

823 2150 870 2184 66
920 2149 1129 2196 Arbogastes
1175 2150 1372 2195 Eugenium
1415 2161 1454 2184 es:

777 2196 1008 2241 grammatico
1038 2196 1074 2230 ὅτ
1104 2195 1241 2230 rhetore
1263 2198 1458 2242 Imperato-

775 2253 849 2275 rem
859 2242 1025 2276 Romanis
1039 2242 1218 2288 imponere
1239 2251 1385 2276 conatus
1397 2242 1456 2275 est.

771 2286 1020 2325 VidZofimus
1038 2298 1071 2331 4,
1093 2297 1134 2330 54
1145 2286 1215 2332 sqq.
1237 2288 1297 2332 qui
1317 2296 1455 2321 utrum«

774 2341 861 2377 que,
906 2341 946 2367 ut
983 2331 1029 2367 est
1058 2332 1266 2369 Christianis
1297 2333 1454 2377 iniquus,

773 2377 904 2414 laudat.
952 2377 1045 2414 Add.
1059 2378 1170 2424 igitur
1180 2377 1274 2412 Oros.
1295 2387 1335 2421 7,
1358 2386 1405 2420 ες.

818 2433 857 2467 73
884 2425 998 2458 Rabies
1029 2425 1132 2458 etiam
1154 2423 1197 2457 de
1225 2422 1316 2458 sacro
1335 2422 1455 2457 furore

774 2468 917 2511 dicitur,
937 2479 977 2503 ut
995 2470 1070 2505 AEn.
1083 2469 1116 2511 6,
1129 2479 1172 2515 49
1198 2470 1283 2504 rabie
1295 2470 1370 2511 fera
1381 2481 1457 2503 cor-

772 2516 813 2549 da
831 2524 957 2550 tument
977 2513 1136 2561 Sibyllae,
1166 2514 1202 2548 <Sc
1221 2525 1253 2551 v.
1267 2519 1313 2553 80
1345 2526 1377 2548 os
1398 2527 1451 2548 ra-

773 2561 881 2595 bidum
903 2560 954 2594 illi
968 2562 1096 2605 fatigat
1107 2559 1268 2594 Phoebus.
1313 2559 1456 2595 Novem

772 2617 946 2641 annorum
964 2617 1053 2651 puer
1072 2614 1146 2638 tum
1169 2614 1240 2638 erat
1250 2605 1430 2639 Honorius
1443 2619 1454 2638 :

771 2651 809 2685 ἃ
839 2662 918 2685 vere
946 2649 1117 2686 rabiosum
1142 2650 1282 2695 pingit,
1308 2650 1454 2695 ingenio

771 2695 832 2731 suo
850 2696 908 2732 hic
930 2695 1095 2745 abreptus
1116 2696 1154 2729 in
1175 2694 1277 2730 devia
1288 2695 1454 2738 Cilaudia-

772 2752 850 2779 nus.
