1612 2948
125 118 167 160 X
297 121 329 162 Ι.
359 121 413 162 Μ.
445 120 736 163 GESNERI
791 121 1300 165 PROLEGOMENA

124 217 262 258 versus
284 218 450 259 Latinos
474 217 727 273 Graecosque
756 218 939 260 facerent
958 220 1110 267 bonos,
1139 220 1281 261 solutae
1306 221 1505 263 orationis

124 274 281 315 Latinae
310 277 552 331 eloquentes
582 276 899 328 emendatosque
930 277 1145 331 scriptores
1168 278 1331 318 laudare
1365 277 1528 331 possus

123 346 214 373 mus
241 347 416 387 paucos,
446 332 603 375 Graecze
628 332 734 372 forte
756 334 1007 386 probabilem
1028 335 1198 375 nullum.
1253 335 1369 376 Adde
1391 335 1502 389 quod

123 402 200 431 nec
233 391 509 431 damnaverim
536 402 715 437 temere,
744 403 836 443 quae
867 390 990 431 hodie
1019 393 1127 446 apud
1157 392 1286 432 solum
1314 392 1500 434 Claudia-

122 460 224 487 num
239 448 458 502 leguntur,
488 462 583 488 cum
610 448 795 501 potuerit
822 447 892 487 ille
911 447 1098 489 auetores
1122 448 1323 496 habuisse,
1353 450 1502 504 quibus

122 519 308 545 caremus
340 507 475 545 hodie.
561 505 692 544 Pauca
715 503 807 550 illa,
837 518 931 559 quae
951 506 1162 547 manifesto
1191 507 1281 548 sunt
1303 507 1501 561 sequioris

122 564 256 603 aetatis
285 569 329 602 ut
355 563 478 609 illud,
508 561 679 616 Promisi
711 560 819 616 quod
831 562 915 615 sint
943 577 1016 610 40,
1045 577 1088 610 39
1113 565 1268 605 evitare
1296 563 1417 604 facile
1439 563 1497 604 est

122 621 183 665 ei,
213 621 282 673 qui
310 621 492 661 monitus
515 620 612 660 sciat
633 632 817 660 normam
839 619 1035 660 sermonis
1054 619 1133 662 esse
1161 622 1208 663 ab
1230 633 1354 663 aurea
1376 627 1503 662 aetate

121 678 352 731 petendam.

207 773 282 814 VI.
313 775 412 815 Haec
442 776 536 816 cum
565 776 622 816 ita
639 773 733 823 sint,
764 776 834 815 diu
863 774 940 822 est,
970 789 1064 816 curn
1095 776 1228 817 amavi
1257 776 1406 817 merito
1428 775 1499 816 suo

119 830 409 878 Claudianum,
440 846 534 873 cum
564 833 613 872 de
645 834 718 873 illo
756 834 915 873 edendo
946 834 1140 887 cogitavi.
1222 831 1321 882 Sed,
1349 840 1397 874 ut
1426 831 1500 881 fit,

116 902 200 928 non
222 890 338 929 licuit
357 903 450 930 meo
473 890 575 930 mihi
600 892 796 932 arbitratu
816 904 938 944 agere
957 891 1065 945 quod
1088 891 1247 931 liberet.
1304 890 1498 932 Commo-

117 946 168 985 de
190 960 288 986 vero
311 948 471 993 accidit,
499 956 546 988 ut
569 948 658 987 haec
682 950 898 1002 occupatio
918 949 959 988 in
981 948 1081 988 illud
1102 955 1265 1002 ternpus
1287 948 1499 996 incideret,

115 1004 187 1044 ubi
207 1004 277 1044 tali
300 1012 568 1044 avocamento
590 1019 694 1058 opus
717 1005 885 1046 haberet
904 1006 1037 1045 bonus
1060 1006 1186 1052 civiS‚
1216 1019 1310 1045 cum
1329 1005 1498 1052 bellum,

116 1074 197 1114 quo
221 1061 362 1101 misere
386 1061 604 1102 Germania
626 1063 665 1101 in
690 1062 755 1102 sua
779 1063 893 1103 saevit
917 1062 1089 1109 viscera,
1120 1062 1162 1103 &
1190 1061 1297 1117 quasi
1327 1075 1413 1102 non
1437 1062 1497 1102 sa-

115 1121 169 1157 tis
193 1118 290 1158 essct
312 1120 467 1159 mutuis
488 1118 648 1172 grassari
669 1120 872 1166 caedibus,
904 1127 1099 1160 externos
1125 1120 1249 1160 etiam
1278 1119 1329 1159 ad
1357 1120 1498 1174 perni-

114 1176 221 1216 ciem
252 1177 363 1216 suam
395 1176 589 1222 advocat,
617 1176 700 1216 seni
733 1176 892 1217 homini
917 1178 1067 1231 quietis
1091 1175 1133 1217 &
1154 1178 1304 1217 amanti
1326 1175 1369 1217 &
1391 1177 1499 1217 indi-

113 1235 253 1286 genti,
282 1233 446 1273 suadere
468 1233 677 1273 videretur
697 1233 844 1276 facere,
875 1234 984 1289 quod
1007 1234 1299 1274 Athenodorus
1321 1234 1391 1274 ille
1401 1233 1498 1274 Phi-

112 1291 308 1344 losophus
347 1292 388 1330 in
419 1289 578 1344 Speffltri
608 1290 869 1331 Atheniensis
900 1290 1202 1345 exspeftatione
1231 1289 1369 1331 fecisse
1392 1291 1498 1332 dici-

112 1354 180 1387 tur
211 1348 282 1400 *):
323 1346 410 1402 Ipse
431 1346 486 1387 ad
504 1346 759 1400 s'e2<·ibetzclnm
779 1349 969 1395 animum,
1000 1348 1146 1394 oculos,
1175 1361 1338 1388 manum
1367 1349 1496 1388 inten-

113 1402 189 1451 dit,
229 1418 275 1444 ue
304 1418 435 1445 vacua
464 1417 572 1443 mens
610 1405 755 1446 audita
773 1405 991 1459 sinmlacm
1022 1404 1071 1447 δέ
1100 1407 1239 1445 herines
1256 1404 1336 1459 fibi
1363 1410 1494 1446 metus

102 1462 285 1517 fingeret
306 1486 362 1493 -—-
430 1463 499 1503 Ille
530 1475 608 1501 non
639 1463 774 1502 tollere
802 1464 955 1509 oculos,
995 1476 1074 1502 non
1102 1463 1310 1503 remittere
1338 1462 1491 1517 stilum,

103 1517 180 1575 sed
209 1518 426 1574 obfirmare
462 1520 662 1566 animum,
701 1520 948 1574 auribusque
972 1519 1233 1572 pretendere.
1313 1517 1392 1560 Sed
1421 1521 1492 1560 ad·-

108 1577 290 1617 dendum
317 1578 441 1617 etiarn
463 1576 632 1617 honoris
661 1577 870 1618 literarum
900 1577 1013 1617 causa
1041 1577 1145 1617 illud
1175 1576 1254 1623 est,
1296 1590 1380 1617 non
1420 1577 1492 1618 hic

110 1633 298 1675 accidisse
318 1634 421 1674 mihi
442 1634 521 1674 hoc
543 1635 703 1687 agenti,
733 1636 839 1690 quod
860 1634 1131 1675 Athenodoro
1145 1664 1155 1682 ‚
1183 1647 1267 1674 non
1296 1634 1490 1689 superve-

107 1690 207 1732 nisse
227 1690 407 1746 effigiem
428 1691 681 1738 horribilem,
711 1705 804 1747 quae
821 1690 1039 1746 scribentis
1063 1692 1186 1744 capiti
1207 1693 1359 1732 catenis
1386 1691 1490 1746 inso-

105 1754 249 1789 naret:
281 1749 348 1789 sed
376 1747 645 1802 supervenifl'e
677 1750 895 1803 aliquoties
920 1749 1056 1790 Duces
1078 1748 1285 1796 Gallicos,
1313 1750 1356 1789 in
1385 1763 1490 1804 quo·

106 1819 199 1846 rum
220 1807 416 1860 potestate
431 1815 518 1848 tum
539 1819 714 1853 eramus
735 1813 935 1861 quantum
954 1807 1195 1847 metuendos
1218 1806 1269 1846 ob
1290 1807 1331 1846 id
1346 1806 1489 1860 ipsum,

106 1868 266 1904 tantum
287 1864 338 1905 ob
361 1863 656 1905 humanitatem
684 1863 792 1904 suam
808 1893 818 1905 .
847 1864 890 1905 &
911 1865 1139 1911 literarum,
1168 1862 1210 1904 δε
1239 1865 1372 1904 omnis
1395 1863 1488 1917 pul-

108 1920 198 1960 chri
221 1934 424 1968 amorem,
443 1921 649 1962 amabiles.
710 1921 923 1962 Nominari
944 1921 982 1960 se
1005 1922 1234 1975 patiuntur,
1256 1927 1378 1975 puto,
1411 1921 1487 1963 Vi-

107 1979 144 2019 ri
167 1977 435 2025 Illustriffimi,
464 1979 644 2034 Muyeus
665 1978 802 2032 Eques
825 1977 867 2019 δι
889 1978 1036 2019 Comes
1059 1977 1292 2026 Orlickius,
1318 1978 1389 2033 qui
1410 1978 1485 2018 ali-

106 2036 271 2090 quoties
293 2036 341 2075 ad
358 2036 568 2077 lucernam
586 2036 778 2077 scribenti
799 2050 891 2076 cum
916 2034 1175 2090 obrepsissent
1187 2036 1380 2088 jucunde,
1411 2048 1488 2075 nec

106 2106 174 2133 me
195 2092 401 2132 discedere
424 2094 542 2146 plane
566 2092 661 2147 passi
681 2092 783 2139 sunt,
813 2093 982 2134 honoris
1000 2093 1163 2133 illorum
1184 2092 1297 2132 causa
1317 2093 1365 2133 ab
1385 2105 1486 2146 ope-

104 2162 163 2197 re,
190 2156 261 2190 aut
280 2149 483 2190 forensem
507 2151 657 2192 vestem
681 2150 860 2190 sumere:
890 2149 956 2190 sed
984 2149 1163 2189 suaviter
1180 2149 1390 2189 consumta
1419 2151 1486 2189 in-

104 2213 170 2248 ter
190 2207 296 2260 ipsos
316 2207 480 2248 libellos
503 2221 618 2247 meos
650 2208 750 2246 hora
780 2209 822 2247 in
851 2207 1037 2247 sermone
1072 2206 1122 2245 de
1148 2206 1280 2247 literis
1309 2207 1481 2260 aliisque

104 2265 227 2304 rebus
258 2278 281 2303 a
301 2264 410 2304 bello
431 2263 646 2318 sejunfftis.
675 2263 935 2304 discesserunt
967 2266 1042 2310 ita,
1071 2271 1118 2304 ut
1146 2265 1216 2303 vix
1250 2265 1389 2317 egredi
1414 2277 1481 2304 me

103 2322 293 2362 cubiculo
318 2321 549 2361 deducendi
580 2321 693 2362 causa
724 2323 1032 2375 permitterent,
1073 2321 1203 2374 gradu
1232 2329 1367 2360 autem
1394 2323 1480 2375 pri-

102 2391 173 2418 mo
194 2378 388 2419 scalarum
412 2379 688 2433 prohiberent,
718 2392 839 2432 quam
864 2378 987 2418 solam
1013 2379 1115 2419 mihi
1141 2379 1222 2418 vim
1243 2378 1290 2418 ab
1314 2378 1396 2418 illis
1420 2377 1481 2419 fa-

103 2434 211 2475 &am
240 2436 421 2476 memini.
499 2435 638 2476 Redeo
668 2435 718 2474 ad
752 2436 1018 2476 Claudianum
1047 2435 1089 2476 &
1120 2448 1256 2474 meum
1281 2435 1323 2474 in
1344 2435 1415 2475 illo
1437 2439 1481 2477 in

101 2492 262 2532 scenam
294 2491 403 2548 quasi
424 2493 658 2534 reducendo
680 2491 903 2533 confilium.
964 2493 1096 2533 Huius
1130 2493 1210 2532 duo
1232 2492 1345 2532 velut
1368 2494 1480 2547 capi-

101 2556 143 2590 ta
171 2549 381 2598 constitui,
410 2556 455 2592 ut
485 2551 622 2591 darem
650 2551 772 2591 verba
793 2549 1021 2605 scriptoris,
1047 2555 1242 2605 quantum
1273 2550 1360 2605 ejus
1388 2563 1480 2591 mea

1355 2620 1480 2662 opera

147 2687 180 2729 ⁴⁹)
218 2697 235 2719 a
258 2687 371 2725 Plinio
396 2688 499 2736 Epist.
527 2703 555 2733 7,
584 2698 636 2734 27.
661 2698 689 2732 ,⁷-
