1612 2948
472 130 547 173 IN
575 129 892 173 RUFINUM
947 106 1146 194 LIB31*

1364 145 1410 184 S?

215 228 372 275 Milite,
396 227 603 269 Romanas
627 229 740 270 ardet
760 228 1017 284 prosternere
1037 229 1160 269 vires.
1204 263 1206 266 .

214 302 303 351 Jam
325 309 471 356 gentes
496 300 724 357 Istrumque
746 310 900 348 movet,
924 300 1219 358 Scythiamque
1242 308 1425 358 receptat

207 376 402 424 Auxilio,
434 377 638 431 traditque
660 377 747 418 suas
774 378 986 419 hostilibus
1010 377 1132 418 armis

99 462 171 498 310
208 450 448 504 Relliquias.
479 449 607 492 mistis
639 451 846 492 descendit
876 449 1055 491 Sarmata
1077 450 1215 498 Dacis,

206 523 262 567 Et
284 525 352 579 qui
375 524 616 578 cornipedes
638 526 680 565 in
700 525 848 580 pocula
869 525 1057 565 vulnerat
1081 525 1213 566 audax
1426 555 1459 569 e,

211 595 453 652 Mafl'agetes
466 626 478 645 ,
507 597 729 653 caesamque
747 597 890 638 bibens
909 597 1101 638 Maeotida
1121 597 1292 646 Alanus,

212 669 476 726 Membraque
507 671 576 726 qui
599 670 708 711 ferro
736 670 886 725 gaudet
906 669 1079 725 pinxisse
1105 669 1306 719 Gelonus,

211 744 363 786 Rufino
389 744 563 788 colletta
588 759 744 786 manus.
777 753 886 787 vetat
915 746 986 786 ille
1014 746 1183 792 domari,

96 833 156 873 315
209 822 471 880 Inneftitque
497 837 631 864 moras
645 854 654 871 ‚
678 822 720 866 δε
742 837 924 879 congrua
942 831 1129 878 tempora
1149 822 1301 864 differt.

266 900 375 944 Nam
406 911 475 943 tua
497 916 590 943 cum
613 900 779 944 Geticas
797 902 993 944 straviss'et
1015 902 1160 943 dextra
1180 908 1379 950 catervas,

213 977 310 1021 Ulta
328 979 456 1022 Ducis
478 980 575 1022 socii
591 980 733 1029 letum,
760 994 934 1037 parsque
952 993 1034 1021 una
1055 986 1241 1021 maneret

209 1056 420 1106 Debilior,
441 1058 654 1114 facilisque
676 1060 789 1114 capi:

819 1066 917 1100 tunc
936 1059 1088 1114 impius
1107 1058 1178 1099 ille

209 1134 399 1178 Proditor
419 1138 606 1192 imperii,
630 1137 947 1193 conjuratusque
968 1137 1181 1186 Getarum,

95 1224 169 1261 320
214 1213 380 1257 Distulit
408 1214 604 1257 instantes
634 1215 744 1256 eluso
765 1216 952 1271 principe
978 1207 1152 1271 pugnas,

904 1293 936 1335 C
965 1307 984 1344 3
1370 1287 1488 1331 Hun-

97 1405 162 1439 307
186 1396 289 1431 audet
309 1399 350 1431 al.
375 1399 415 1432 V.
434 1398 550 1441 Heius:
577 1398 628 1431 hic
652 1398 687 1435 ω’
711 1399 753 1432 ad
770 1398 849 1432 AEn.
873 1406 913 1439 n,
935 1403 1012 1442 895.
1037 1395 1133 1431 ardet
1152 1395 1248 1429 etiam
1268 1394 1337 1437 Cuj.
1356 1394 1397 1426 ad
1417 1394 1486 1436 Bas?

96 1449 164 1484 308
188 1444 332 1488 Jamque
352 1444 457 1477 Getas
470 1445 568 1478 MSS.
592 1452 762 1488 retenptat
785 1444 854 1486 Cuj.
875 1445 916 1477 ad
933 1445 1003 1486 Bas.
1025 1451 1172 1476 retentat
1193 1442 1279 1485 quid.
1301 1450 1348 1483 ap.
1367 1440 1484 1481 Heius?

98 1497 155 1531 312
176 1488 394 1534 patriamque
409 1491 502 1534 vulg.
529 1489 752 1534 patriumque
770 1486 891 1523 bibens
905 1489 1039 1523 Maeotis
1052 1490 1218 1522 Orontem
1229 1487 1328 1519 MSS.
1341 1486 1484 1528 quidam,

236 1535 306 1568 Vic.
335 1535 428 1568 Vien.

141 1625 206 1663 308
241 1619 297 1653 Ad
332 1619 587 1666 Rhadagaisum
627 1620 770 1666 Scytha-

97 1676 174 1699 rum
206 1665 241 1700 δι
270 1665 467 1700 Gothorum
496 1665 619 1701 ducem
649 1665 767 1711 respici

96 1721 255 1756 apparet.
300 1711 365 1745 Sed
385 1711 560 1756 applicare
580 1712 712 1757 singula
724 1711 767 1744 ad

96 1756 274 1790 historiam
288 1784 296 1797 ,
316 1767 378 1790 nec
397 1756 597 1801 expeditum
618 1757 685 1798 est,
706 1768 767 1790 nec

95 1801 184 1836 forte
204 1800 428 1847 profuturum
458 1805 588 1846 poetae,
620 1803 655 1835 in
676 1801 770 1836 steri-

96 1847 214 1888 litate,
251 1847 288 1882 &
318 1845 474 1881 barbarie
502 1847 536 1880 ἃ
566 1848 661 1882 vitiis
691 1848 767 1882 aliis

96 1891 316 1937 scriptorum,
337 1892 430 1926 unde
451 1892 509 1926 illa
520 1893 668 1938 petenda
678 1892 768 1927 esset.

148 1947 210 1980 310
227 1940 392 1982 Reliquias
402 1936 495 1971 suas:
521 1949 596 1983 quae
618 1937 686 1983 ipse
699 1949 768 1972 non

96 1982 306 2023 vastaverat,
333 1983 577 2025 devoraverat,
605 1994 643 2017 ea
663 1983 769 2018 tradit

69 2054 76 2060 Ι
99 2028 276 2074 perdenda
297 2026 463 2062 hostibus.

145 2084 193 2117 311
218 2076 331 2108 Laelea
359 2075 548 2118 Maffhgetes
576 2075 631 2118 qui
655 2076 768 2118 pocula

92 2121 252 2164 sanguine
278 2121 386 2163 vastet
426 2120 502 2153 Seu.
525 2115 661 2165 ¹Oedip.
687 2129 765 2162 470.

99 2166 216 2200 Etiam
245 2163 350 2199 hodie
378 2164 496 2210 passim
528 2163 570 2197 de
598 2164 767 2210 Scythicis

99 2209 262 2256 gentibus
282 2210 364 2243 talia
385 2218 639 2244 memorantur:
663 2216 771 2256 quam·

101 2266 181 2290 vere
203 2267 272 2289 non
295 2255 455 2289 dixerim.

147 2310 201 2343 312
236 2303 352 2344 Caesam
378 2301 532 2335 Maeotida
563 2308 666 2334 vocat
695 2300 768 2346 gla-

100 2345 188 2380 ciem
215 2345 257 2380 de
282 2345 410 2391 palude
436 2345 579 2381 excisam
599 2346 633 2379 &
655 2345 768 2390 lique-

104 2389 226 2425 fattam
248 2392 283 2425 in
303 2402 372 2426 ore.
415 2392 470 2425 De
481 2393 596 2426 Alanis
610 2390 664 2425 hic
679 2391 768 2424 mul-

102 2443 138 2468 ta
165 2436 302 2481 collegit
328 2435 498 2470 Barthius.
546 2437 665 2473 Geloni
689 2438 768 2481 pisti

103 2479 181 2514 sunt
201 2482 298 2526 Virg.
317 2483 380 2516 Ge.
400 2491 430 2523 2,
452 2491 502 2523 ¹¹5
530 2481 564 2515 h.
588 2494 615 2515 e.
649 2482 767 2516 Servio

106 2526 312 2570 interprete,
332 2528 485 2571 stigmata
509 2528 668 2562 hahentes.
714 2529 768 2561 De

105 2570 170 2605 illo
197 2581 289 2604 more
302 2572 468 2616 vScythico
488 2572 558 2607 vid.
579 2574 667 2607 Sext.
689 2574 770 2608 Em-

105 2616 172 2661 pir.
203 2616 322 2694 lffgrrh.
348 2619 442 2663 Hyp.
468 2628 506 2660 3,
527 2627 570 2662 24
604 2617 625 2652 s.
646 2628 711 2653 202
732 2618 768 2653 &

109 2672 186 2706 quae
219 2674 228 2694 1
257 2660 421 2696 1Fab1·ic.

107 2716 188 2785 αεξῖ
194 2717 213 2750 ⁴
241 2707 685 2798 Ρῖἶῗὲῑέᾛῗέἓὴῗὲἷέἒῗῖ
704 2709 780 2789 3223:

517 1543 576 1577 3¹4
596 1534 720 1569 collata
737 1536 780 1569 al.

865 1534 924 1577 316
950 1534 1088 1568 dextera
1109 1542 1239 1566 turmas
1257 1534 1349 1575 vulg.

814 1631 917 1666 quam
938 1619 1245 1654 instrumentorum
1268 1613 1484 1656 ambitionis,

813 1667 848 1701 δι
877 1665 979 1700 studii
1017 1665 1160 1710 privatae
1189 1662 1351 1697 utilitatis
1380 1661 1483 1705 plena

811 1720 887 1745 tum
900 1708 1227 1751 oinnia,delcribunt
1239 1706 1391 1741 historici
1407 1704 1480 1738 :sed

812 1755 931 1790 eadem
953 1757 1055 1790 etiam
1080 1756 1123 1789 iis
1145 1754 1302 1789 involuta
1313 1763 1386 1785 tum
1401 1761 1481 1796 par-

812 1802 913 1843 tium,
934 1811 1009 1835 tum
1028 1801 1234 1845 scriptorum
1261 1798 1336 1843 (qui
1357 1807 1480 1847 nempe

811 1847 847 1882 &
876 1847 938 1893 ipsi
968 1848 1004 1882 in
1033 1856 1145 1890 partes
1173 1854 1256 1878 eunt
1275 1854 1343 1877 non
1362 1851 1479 1875 minus

812 1904 916 1938 quam
936 1892 992 1926 hic
1012 1891 1123 1926 noster
1139 1892 1256 1936 poeta)
1279 1889 1365 1922 vitio
1385 1897 1480 1937 tene-

813 1937 904 1979 bris,
924 1948 963 1971 ut
983 1937 1145 1977 nesciam,
1177 1947 1219 1970 an
1236 1944 1368 1969 certum
1390 1931 1478 1978 quid

811 1983 975 2019 constitui
998 1992 1110 2027 queat.

859 2028 916 2070 316
950 2028 1054 2061 Redit
1083 2026 1139 2061 hic
1167 2025 1209 2060 ad
1237 2023 1476 2065 Stilichonem,

813 2085 916 2120 quem
937 2073 1139 2118 alloquutus
1162 2071 1207 2105 est
1226 2070 1325 2115 supra
1339 2078 1396 2111 275
1407 2067 1453 2113 sq.
1467 2113 1474 2120 ι

859 2130 915 2163 317
941 2122 1019 2154 Dux
1029 2120 1134 2162 socius
1147 2116 1192 2150 est
1205 2119 1400 2156 Promotus,
1415 2125 1476 2158 qui

811 2165 996 2211 colaphum
1015 2163 1144 2197 Rufino
1171 2161 1376 2206 infregerat,
1411 2170 1476 2210 pro

812 2222 882 2256 quo
908 2209 1038 2244 insidiis
1068 2209 1166 2242 illum
1195 2207 1251 2241 hic
1288 2207 1475 2245 interemit,

811 2265 972 2290 narrante
992 2265 1063 2288 rem
1075 2253 1210 2288 Zosimo
1229 2261 1259 2293 5,
1279 2260 1326 2292 5¹.
1372 2252 1474 2284 Cete-

812 2312 890 2335 rum
921 2301 1007 2336 hanc
1035 2300 1140 2343 hujus
1171 2298 1238 2333 loci
1274 2296 1472 2330 sententiam

811 2356 918 2392 puto:
940 2349 1031 2381 Cum
1042 2341 1346 2389 reliquusaclade,
1369 2351 1474 2385 quam

811 2392 957 2426 Stilicho
986 2391 1016 2424 ei
1043 2391 1229 2429 intulerat,
1257 2390 1423 2422 Getarum
1452 2384 1473 2418 s.

809 2437 1008 2472 Gothorum
1035 2434 1202 2469 exercitus
1222 2434 1257 2467 in
1276 2433 1476 2477 potestatem

811 2483 924 2528 redigi
945 2481 1046 2515 facile
1067 2479 1195 2527 poss'et,
1215 2478 1334 2512 Rufini
1355 2475 1477 2510 fraude

810 2528 888 2563 illos
908 2525 1061 2568 evasisse,
1090 2534 1378 2571 procuratamque
1407 2521 1479 2555 illis

814 2572 1323 2619 opportunitatemHunnoi·um
1339 2566 1478 2600 auxiliis

815 2618 846 2653 se
862 2617 1069 2651 muniendi:
1092 2615 1156 2650 hoc
1179 2613 1238 2647 sibi
1262 2614 1384 2647 volunt
1405 2622 1479 2645 ver-

818 2662 876 2704 ba,
905 2665 1100 2698 Hunnorum
1119 2663 1242 2694 laturus
1265 2659 1285 2692 i.
1307 2670 1336 2694 e.
1358 2658 1481 2692 allatu-

822 2720 881 2744 rus
899 2709 968 2743 illis
988 2704 1230 2742 laborantibus
1251 2715 1350 2750 opem.
