1612 2948
419 103 503 148 IN
555 103 1098 148 CLAUDIANUM
1336 140 1339 141 γ
1409 103 1471 146 IX

85 203 344 248 oraculorum
362 213 394 253 8,
410 216 494 252 ¹4¹3
523 202 731 258 fignorum
751 203 1002 259 tempestatis
1025 214 1156 251 =5‚493
1179 201 1221 244 &
1242 201 1373 243 statim
1398 217 1472 243 ex-

86 261 237 317 ergasia
258 261 368 302 illius
389 259 486 303 dieti
509 261 718 302 Homerici
739 260 785 299 21⁷}
815 261 922 299 ὄιωνὸε
951 257 1063 312 ἔρις-ος
1091 259 1169 301 διε.
1201 261 1385 301 ominum
1408 261 1472 300 in-

86 319 228 362 stantis
260 319 503 360 calamitatis
523 323 595 365 26,
627 332 729 369 2273
767 326 852 360 tres
883 319 1005 359 unius
1034 318 1149 372 spatii
1182 317 1477 372 descriptiones

88 389 140 425 ις,
166 389 252 425 ις9;
284 375 459 418 monstra
479 376 617 417 omnia
646 377 840 417 advocata
871 377 920 417 ad
947 375 1200 431 pingendum
1222 373 1420 415 Rufinum
1444 388 1476 420 3,

87 443 183 481 ²803
212 431 362 474 ssmiles
381 431 601 488 exergafiae
630 434 671 474 in
689 434 891 488 Eutropio
913 441 960 479 18,
984 437 1052 481 196
1065 446 1076 473 ε
1104 433 1280 487 denique
1301 432 1385 486 ipsa
1403 431 1477 472 illa

87 491 358 533 intolerabilis
392 504 498 546 pene
519 502 588 538 20,
609 495 648 529 61
679 491 869 546 Eutropii
904 505 997 531 curn
1029 489 1200 531 Tiberio
1234 488 1277 530 ἃ
1307 489 1476 530 Nerone

90 550 355 602 comparatio.
417 547 547 590 Satira
576 550 686 589 enim
710 549 849 604 potius
875 555 917 589 et
950 546 1132 588 irrifione
1155 548 1278 602 digna
1300 560 1367 588 res
1390 547 1477 588 Eu-

88 607 250 647 nuchus
282 605 503 648 Praefettus
525 605 735 653 Praetorii,
766 619 887 661 quam
917 606 1040 646 tantis
1062 605 1289 660 tragoedii&
1376 604 1478 645 Haec

89 663 185 704 talia
205 677 287 703 non
309 663 551 704 disfimulavi
576 664 617 704 in
639 664 1036 709 annotationemea,
1066 676 1157 717 quae
1183 670 1268 703 tota
1301 661 1380 702 hoc
1404 660 1476 702 fibi

89 720 342 775 propositum
365 722 519 762 habuit.
554 731 599 762 ut
621 720 663 761 &
697 720 957 774 intelligatur
982 718 1228 760 Claudianus
1260 719 1302 761 &
1324 717 1476 774 profit:

90 779 227 832 itaque
251 777 371 820 fafl’us
405 779 491 819 sum
521 779 644 818 etiam
666 777 735 818 suo
759 779 875 823 loco,
907 790 991 818 non
1025 777 1141 817 valde
1172 776 1275 816 mihi
1312 778 1477 831 placere

92 837 311 877 exordium
335 837 473 891 operis
500 836 550 875 de
571 835 705 889 Raptu
730 834 993 889 Proserpinae.
1049 834 1208 877 Verum
1241 835 1365 874 etiam
1400 834 1479 873 hoe

92 907 177 934 non
207 894 480 939 reticendum,
509 893 755 934 non-videri
783 890 1014 947 perfefihim
1046 890 1089 933 ἃ
1123 891 1334 932 elimatum
1375 890 1480 931 illud

92 963 208 1005 opus.
263 951 472 1005 Quidquid
496 951 584 1004 ejus
606 948 680 990 fit:
711 948 895 1006 prodefl‘e
916 947 1079 1003 poffunt
1106 948 1275 1003 po'e‘feos
1296 946 1478 989 studiosis

91 1007 174 1062 ipsa
193 1009 316 1049 etiam
336 1009 437 1050 vitia
456 1007 680 1048 Claudiani.
739 1008 835 1049 Non
855 1006 991 1047 refero
1013 1007 1054 1047 in
1078 1006 1142 1047 his
1170 1006 1277 1059 quod
1295 1006 1397 1047 solet
1419 1005 1480 1045 hi-

92 1065 236 1107 storias
257 1064 417 1121 fingere
439 1066 749 1113 connubiorum,
771 1066 905 1120 iisque
926 1065 1113 1119 intexere
1126 1063 1335 1106 Venerem
1354 1063 1487 1105 &Cu-

41 1149 52 1159 .
92 1123 291 1177 pidinem.
349 1123 674 1164 condonandum
701 1129 812 1163 certe
833 1128 971 1177 poetae
991 1132 1076 1161 non
1099 1121 1330 1162 Christiano
1360 1120 1482 1160 mini-

94 1179 226 1221 steriis
247 1182 418 1221 deorum
440 1181 515 1221 uti.
570 1178 767 1220 Ceterum
789 1180 939 1220 merito
964 1177 1129 1233 resipuit
1151 1191 1251 1218 aetas
1266 1177 1413 1226 nostra,
1443 1175 1487 1219 δε

94 1237 184 1279 suas
208 1237 278 1278 fibi
300 1251 365 1278 res
389 1238 538 1278 habere
562 1235 669 1278 iuffit
697 1236 767 1277 suo
788 1250 882 1278 cum
903 1249 1034 1291 puero
1056 1235 1280 1279 Venerem.

181 1327 235 1371 V.
263 1328 590 1382 Quantacunque
619 1340 718 1367 vero
746 1326 838 1381 quis
870 1324 951 1367 esse
983 1326 1114 1374 dicat,
1143 1325 1357 1367 Claudiani
1387 1325 1489 1366 vitia

96 1384 219 1426 facile
240 1385 310 1427 illa
335 1386 648 1440 compensantur
667 1391 755 1425 tum
780 1384 949 1439 reliquis
973 1384 1087 1425 illius
1107 1385 1266 1437 magnis
1279 1384 1412 1429 bonis,
1435 1384 1486 1422 de

97 1443 246 1498 quibus
266 1441 420 1483 dictum
442 1443 511 1489 est,
542 1450 630 1483 turn
651 1441 875 1496 praesertim
896 1442 1108 1482 sententiis
1131 1442 1227 1482 vitae
1247 1441 1487 1495 profuturis.

98 1499 350 1555 perpetuum
371 1501 489 1541 illum
512 1499 760 1541 &sonorum
778 1500 958 1540 maxime
981 1499 1146 1539 virtutis
1167 1498 1486 1553 praeconemob-

97 1558 326 1606 servamus,
352 1558 568 1598 inimicum
600 1565 737 1598 autem
772 1557 969 1598 vitiorum
988 1555 1029 1597 &
1047 1555 1331 1609 castigatorem
1353 1554 1486 1609 asper-

98 1616 262 1656 rimum.
349 1614 483 1656 Unam
503 1614 605 1655 mihi
635 1616 746 1668 legat
775 1615 922 1669 aliquis
945 1612 1165 1654 Theodosii
1188 1614 1237 1653 ad
1256 1613 1487 1655 Honorium

99 1672 217 1713 suum
242 1673 472 1713 orationem
499 1682 540 1720 8,
563 1685 653 1720 214,
684 1671 728 1713 δε
756 1672 888 1720 dicat,
918 1671 1150 1712 multumne
1180 1672 1229 1711 ad
1262 1668 1487 1725 perfectam

23 1769 34 1779 ,
99 1729 399 1771 institutionem
421 1732 577 1785 regiam
595 1728 854 1770 desideretur.
914 1727 1074 1775 Totus,
1102 1735 1281 1783 quantus
1309 1731 1489 1782 quantus

102 1787 175 1843 est,
207 1787 337 1840 (licet
370 1789 481 1828 enim
509 1800 615 1842 pene
646 1787 749 1828 serio
779 1787 917 1827 dicere
947 1786 990 1826 in
1024 1785 1141 1828 illum
1172 1786 1366 1831 verbum,
1406 1797 1489 1838 quo

102 1844 273 1885 Demeae
305 1846 440 1886 illudit
472 1843 638 1899 Syrus)
678 1843 738 1885 nil
774 1843 844 1898 m'fi
872 1842 1082 1899 sapientia
1113 1843 1176 1898 est.
1265 1843 1491 1882 Demamus

104 1902 383 1944 Fescenninos
415 1904 458 1943 in
490 1902 666 1942 Honorii
698 1902 862 1955 nuptias
890 1900 1022 1947 lusus,
1062 1914 1212 1954 pauca,
1240 1900 1384 1945 nimis,
1413 1911 1490 1952 pro

104 1959 242 2000 saeculi
263 1973 412 2014 nempe
444 1973 581 2005 more,
608 1959 754 1999 Latine
787 1957 895 1999 dicta
927 1959 970 1998 in
1005 1957 1274 2011 Eutropium,
1303 1955 1346 1998 &
1373 1968 1492 2010 quae-

105 2018 198 2058 darn
218 2017 261 2057 in
287 2017 628 2072 Epigrammatis,
659 2029 761 2071 quae
782 2015 891 2056 forte
913 2028 988 2056 nec
1009 2014 1100 2056 sunt
1123 2015 1363 2056 Claudiani:
1394 2013 1494 2053 reli-

106 2088 186 2130 qua
217 2075 313 2116 talia
340 2075 455 2120 sunt,
480 2081 526 2114 ut
556 2087 602 2113 ea
631 2074 770 2128 pueris
797 2073 1108 2128 virginibusque
1144 2073 1270 2126 regiis
1311 2071 1402 2112 cani
1430 2070 1493 2122 *),

106 2131 294 2187 praelegi,
323 2132 604 2186 explicarique
626 2138 874 2172 mereantur.
930 2130 1076 2184 Neque
1088 2129 1299 2170 Latinitati
1318 2128 1496 2169 multum

108 2203 133 2230 a
163 2189 387 2231 Claudiano
416 2188 684 2230 metuendum
713 2188 888 2229 videtur.
940 2187 1122 2228 Perierat
1147 2187 1258 2232 fere,
1297 2199 1393 2227 cum
1423 2186 1497 2226 ille

108 2248 290 2294 viveret,
319 2247 463 2288 solutae
485 2246 684 2287 orationis
703 2245 962 2301 eloquentia,
990 2244 1065 2286 nifi
1092 2245 1348 2299 Drepanium
1376 2243 1498 2285 Paca-

109 2311 198 2346 tum
217 2304 325 2345 forte
347 2305 548 2357 eximium
572 2303 750 2344 velimus
774 2303 938 2343 habere.
967 2314 970 2315 ⁷
998 2302 1171 2343 poeseos
1198 2303 1268 2344 illa
1290 2313 1497 2355 praeroga-

109 2362 196 2403 tiva
224 2361 305 2410 est,
352 2362 464 2417 quod
493 2374 590 2402 curn
616 2361 846 2401 imitatione
878 2360 1133 2414 superiorum
1163 2360 1313 2400 bonam
1342 2367 1500 2412 partem

111 2420 384 2467 contineatur,
414 2420 569 2461 diutius
589 2418 766 2458 servavit
786 2418 911 2459 decus
932 2417 1063 2464 suum,
1093 2430 1176 2458 non
1197 2418 1333 2456 minus
1357 2416 1400 2455 in
1423 2429 1501 2455 no-

111 2476 219 2524 stro,
244 2491 365 2531 quam
394 2477 438 2517 in
468 2476 660 2530 Papinio,
688 2475 885 2522 Martiali,
915 2474 1063 2516 deinde
1093 2474 1298 2519 Ausonio,
1337 2474 1502 2519 ceteris,

113 2546 293 2589 quorum
314 2533 429 2588 prosa
454 2534 586 2574 oratio
610 2532 806 2573 saeculum
826 2533 945 2573 suum
965 2533 1088 2587 sapit,
1117 2533 1297 2573 carmina
1322 2529 1443 2571 facile
1461 2529 1504 2570 se

116 2598 302 2634 tuentur:
337 2605 488 2647 nempe
511 2598 555 2632 ut
574 2590 745 2632 fuerunt
764 2604 788 2631 a
807 2590 962 2632 renatis
977 2591 1072 2632 inde
1093 2589 1228 2632 literis
1250 2588 1401 2645 plures,
1431 2587 1503 2642 qui

882 2662 906 2689 a
934 2658 953 2696 5
1367 2645 1507 2688 versus

161 2703 195 2747 ⁸)
218 2701 300 2739 vid.
327 2704 411 2738 Nor.
436 2701 480 2738 ad
504 2701 544 2746 6,
565 2713 592 2738 ι.
