1612 2948
105 131 213 175 XIV
324 128 740 173 1.M.GESNER1
792 127 1298 171 PROLEGOMENA

105 229 172 270 sed
191 243 229 269 v.
243 241 316 277 242
346 230 517 269 mutatio
537 227 714 282 suscepta
741 233 884 266 contra
904 226 1123 268 leffionem
1145 227 1346 266 omniurn.
1379 225 1486 266 Rur-

107 287 173 327 sus
198 298 250 336 17,
274 299 322 324 20
358 284 565 326 discess'um
596 285 643 324 ab
672 282 859 330 Heinfio,
888 282 931 324 ἃ
950 289 1034 330 261,
1064 287 1244 338 itemque
1279 291 1327 325 18,
1349 294 1422 330 430
1443 281 1485 324 &

105 356 159 390 21,
185 355 271 389 200,
299 342 341 383 ἅ
360 355 421 389 22,
447 355 502 393 ¹¹7
525 341 567 382 &
593 352 659 389 147
678 340 721 381 &
744 350 806 387 189
825 340 866 380 δι
888 349 955 387 289
983 354 1029 379 ac
1047 354 1132 388 441.
1186 340 1312 380 Porro
1344 353 1405 385 24,
1432 343 1484 388 64

107 400 150 441 &
170 407 225 447 28,
249 413 332 448 403.
355 411 424 445 5¹1·
454 397 532 439 Sed
553 397 661 452 quod
682 398 739 436 ibi
762 402 818 436 61¹
830 395 976 451 secreti
993 397 1170 438 muneris
1189 396 1337 437 habere
1355 396 1484 437 Hein-

107 455 188 497 fius
220 456 325 496 solus
359 457 531 500 dieitur,
564 454 664 494 illud
694 455 742 494 ad
764 454 943 508 priorem
965 456 1086 495 modo
1108 454 1332 494 editionem
1355 452 1483 507 perti-

107 523 202 554 net:
230 515 356 553 altera
377 514 488 552 enim
511 510 721 551 nobiscum
742 512 918 550 numinis
940 511 1073 551 habet.
1129 510 1209 552 Sed
1231 524 1281 558 35,
1309 517 1377 548 226
1408 523 1481 549 ne-

105 569 270 610 cessario
294 569 537 610 deserendus
559 568 638 609 fuit
656 566 855 609 Heinsius.
912 567 1064 608 Contra
1086 568 1211 608 libros
1233 579 1377 607 omnes
1392 574 1482 606 ten-

107 636 261 681 tatum.
302 636 414 667 certe
445 639 681 679 receptum,
715 632 864 680 praeter
892 624 920 664 1.
951 639 986 664 c.
1022 625 1127 665 nihil
1156 626 1372 670 recordor,
1409 621 1482 663 nifi

105 685 212 724 forte
236 689 292 730 36,
315 688 400 730 361:
440 698 493 724 ex
525 696 609 723 uno
642 690 778 724 autem
807 682 911 722 libro
940 684 1001 728 36,
1031 694 1093 729 393
1123 679 1167 721 &
1197 681 1303 721 forte
1334 679 1483 735 pasfim.

105 741 205 781 Haec
228 742 434 788 indicant,
463 753 540 780 nos
569 739 729 780 seorslm
759 740 883 779 etiam
910 738 1058 778 sentire
1089 737 1137 777 ab
1168 737 1333 779 Heinfio
1352 737 1483 784 ausos,

105 799 172 838 sed
196 798 432 838 conservata
465 797 623 851 semper
644 811 690 836 ea
705 826 716 844 ,
746 810 866 851 quam
892 795 933 836 &
956 796 1045 836 aliis
1067 794 1110 837 ὅ(
1129 794 1250 836 nobis
1272 795 1481 842 debemus,

105 855 310 897 modestia.
367 855 466 896 Haec
491 855 541 895 de
568 852 747 895 le8tione
768 853 999 894 constituta.

183 1007 235 1049 X.
264 1007 352 1055 Jam
376 1008 425 1047 de
445 1008 708 1048 annotatione
742 1005 898 1051 nostra,
928 1005 1059 1060 (quas
1080 1010 1202 1045 notas
1222 1004 1358 1044 vocari
1382 1016 1482 1045 con·

106 1065 274 1106 suetudo
307 1066 500 1118 pervicax
520 1072 662 1104 contra
680 1063 795 1103 usum
819 1062 1028 1103 vetustatis
1049 1061 1209 1115 evicit>
1238 1061 1392 1115 aliquid
1419 1061 1482 1102 di-

106 1123 283 1163 cendum
304 1122 373 1162 est.
427 1121 528 1162 Cum
553 1121 636 1174 legi
656 1121 815 1174 cupiam
841 1120 1108 1160 Claudianum
1137 1117 1179 1159 &
1210 1118 1411 1171 intelligi,
1440 1116 1484 1158 &

107 1181 155 1218 ad
183 1179 298 1219 usum
327 1179 424 1218 vitae
453 1178 687 1224 transferri,
717 1189 800 1216 non
835 1177 881 1216 ab
913 1176 1002 1222 his,
1034 1176 1102 1230 qui
1132 1175 1265 1214 multo
1298 1173 1371 1214 usu
1401 1175 1482 1213 hoc

108 1236 271 1276 asset-riti
292 1235 404 1282 sunt,
433 1242 480 1275 ut
501 1247 702 1290 nusquam
723 1234 929 1282 haereant,
960 1231 1027 1271 vel
1050 1239 1208 1272 tantuin
1242 1232 1284 1271 in
1307 1232 1358 1270 iis
1378 1230 1482 1271 locis

108 1296 173 1347 qui
193 1291 394 1333 ‘difficiles
424 1292 638 1332 admodum
669 1290 899 1345 explicatus
932 1289 1130 1336 habeant3
1161 1288 1226 1328 sed
1256 1288 1303 1328 ab
1333 1287 1396 1327 his
1416 1287 1484 1334 vel

105 1352 296 1396 maxime,
326 1363 501 1404 quorum
524 1356 595 1388 aut
616 1355 730 1394 aetas,
761 1355 829 1388 aut
851 1347 1039 1386 educatio
1061 1345 1103 1386 &
1123 1346 1226 1385 ratio
1246 1343 1485 1391 studiorum,

107 1415 176 1448 :uit
209 1409 304 1448 vitae
329 1419 459 1460 genus
479 1405 522 1446 &
549 1406 786 1460 occupatio,
822 1404 917 1444 illos
954 1403 1205 1456 impediunt,
1236 1414 1318 1455 quo
1347 1402 1485 1442 minus

105 1465 239 1518 primo
270 1464 419 1504 obtutu
451 1462 725 1517 affequantur,
756 1474 847 1514 quae
873 1460 938 1499 vel
962 1459 1008 1499 ab
1040 1458 1202 1498 historia
1233 1458 1301 1497 vel
1327 1457 1374 1497 ab
1406 1457 1485 1498 alia

105 1528 221 1576 parte
263 1521 505 1560 eruditionis
542 1520 715 1573 repetita
751 1516 897 1571 praesto
927 1515 1005 1556 esse
1034 1516 1185 1566 debent
1220 1512 1485 1555 intellefihiro

105 1583 292 1631 poetam,
321 1576 488 1618 doetum
516 1575 607 1615 sane
641 1575 683 1616 &
704 1574 808 1614 nihil
829 1581 984 1614 temere
1004 1574 1230 1618 dicentem,
1259 1572 1367 1626 quod
1396 1583 1482 1611 non

109 1634 174 1675 vel
206 1635 414 1674 eruditum
442 1631 638 1673 leetorem
667 1631 864 1686 postulet,
895 1631 962 1671 vel
994 1625 1138 1670 fa'ciat:
1169 1629 1233 1668 his
1264 1642 1364 1682 ergo
1388 1640 1483 1668 cum

102 1691 368 1732 commodare
387 1690 589 1737 studeam,
619 1689 733 1744 posui
755 1702 837 1729 non
862 1702 908 1728 ea
933 1689 976 1728 in
997 1688 1143 1741 quibus
1167 1686 1250 1740 ipse
1269 1685 1482 1726 ostendere

105 1747 335 1789 doeh-inam
352 1746 517 1802 possem,
548 1747 657 1801 quod
677 1759 786 1786 nune
804 1746 935 1785 serum
958 1744 1055 1785 esset
1077 1747 1120 1784 in
1140 1744 1307 1783 homine
1327 1743 1482 1782 duode-

105 1804 442 1859 septuagefimum
471 1817 621 1844 annum
651 1816 779 1858 nuper
808 1801 1006 1855 ingresso,
1036 1801 1099 1848 ἃ,
1129 1799 1157 1840 fi
1187 1801 1346 1854 quando
1377 1805 1484 1840 tem-

107 1863 307 1916 pestivum
326 1862 423 1908 fuit,
453 1862 550 1901 alias
572 1859 722 1901 saxetum
743 1859 823 1901 est:
855 1860 920 1899 sed
942 1873 1032 1913 quae
1055 1858 1322 1912 explanarent
1347 1855 1482 1897 sensus

106 1926 264 1973 poetae,
294 1918 375 1959 five
410 1919 459 1958 de
490 1919 752 1958 interioribus
784 1918 914 1957 literis
934 1917 1087 1970 aliquid
1117 1916 1165 1955 ad
1187 1927 1275 1954 eam
1303 1927 1389 1954 rem
1409 1913 1481 1953 de-

107 1978 376 2030 promendum
409 1975 528 2022 esset,
559 1975 644 2029 (V.
670 1973 719 2016 G.
741 1981 796 2021 18,
819 1986 905 2026 277.
939 1987 1009 2020 24,
1038 1986 1090 2021 ¹35
1111 1972 1153 2014 δὲ
1173 1979 1258 2023 287,
1287 1972 1329 2011 it.
1354 1984 1413 2017 33,
1438 1974 1481 2007 16

108 2033 213 2086 δα.)
242 2033 322 2073 five
353 2033 423 2073 illa
454 2032 634 2078 ἕγκύκλιος
663 2028 800 2068 παιδεία
830 2030 872 2071 δε
903 2031 1135 2070 communis
1162 2028 1340 2069 eruditio
1371 2026 1480 2068 suffi-

107 2102 246 2137 ceret3
285 2089 365 2130 five
396 2088 551 2130 dietum
581 2088 679 2130 esset
707 2090 755 2129 ab
786 2089 877 2128 aliis
903 2088 952 2128 ad
980 2087 1268 2130 Claudianum,
1309 2085 1480 2138 aliisque

108 2149 151 2188 in
182 2147 295 2187 libris
327 2148 502 2187 aliorum
537 2146 602 2186 vel
633 2146 760 2192 meis,
789 2144 869 2184 five
900 2159 1008 2185 nunc
1040 2145 1203 2183 demum
1231 2142 1361 2181 studio
1387 2153 1480 2182 meo

107 2212 330 2258 repertum.
390 2204 485 2244 Non
508 2204 622 2243 volui
644 2203 971 2244 Commentarios
994 2201 1166 2241 scribere
1191 2198 1385 2239 colleftos
1406 2212 1481 2238 un-

108 2263 248 2315 dique,
288 2268 356 2301 aut
387 2262 502 2300 locos
529 2273 788 2305 communes,
837 2273 921 2299 non
956 2259 1067 2298 volui
1093 2256 1314 2297 diffienem
1347 2261 1482 2309 poiftae

108 2318 309 2372 congestis
332 2318 504 2357 aliorum
526 2323 737 2370 po'e'tarum
760 2316 948 2356 formulis
975 2314 1195 2361 illustrare3
1225 2313 1289 2353 sed
1321 2326 1412 2352 cutn
1431 2313 1481 2352 il-

106 2376 175 2418 lud
195 2376 307 2416 volui
328 2374 488 2415 efficere
503 2403 513 2420 ‚
543 2375 650 2427 quod
672 2374 796 2414 modo
826 2374 1032 2418 dicebam,
1065 2377 1184 2425 poe‘ta
1207 2378 1252 2410 ut
1276 2370 1480 2423 intelliga-

107 2440 197 2474 tur:
230 2440 320 2473 tum
338 2432 493 2486 judicio
515 2445 606 2470 meo
623 2433 766 2484 juvare
789 2432 900 2470 volui
920 2431 1121 2479 iuniorum
1136 2428 1358 2482 judicium,
1385 2425 1483 2481 quid

107 2490 326 2544 pulchrum
353 2498 473 2544 atque
492 2489 641 2529 decens
655 2518 664 2533 ,
694 2487 737 2528 δε
758 2488 1004 2528 summorum
1024 2491 1238 2540 poetarum
1264 2483 1387 2524 simile
1406 2496 1481 2537 pu-

107 2556 237 2587 tarem
252 2577 262 2593 ,
293 2546 565 2592 ostendend03
594 2544 636 2585 ἃς
657 2554 799 2585 contra
817 2558 885 2590 ea,
916 2544 988 2584 ubi
1020 2541 1213 2582 aberrasse
1234 2542 1349 2581 illum
1368 2555 1391 2581 a
1411 2554 1482 2580 na-

108 2612 221 2649 tura,
253 2618 274 2643 a
306 2605 465 2657 magnis
492 2602 717 2656 exemplis,
748 2616 769 2641 a
799 2602 972 2648 decoro,
1003 2601 1243 2645 arbitrarer,
1276 2612 1371 2637 cum
1400 2596 1482 2637 fide

107 2661 336 2701 indicando.
394 2661 494 2701 Haec
518 2660 619 2700 mihi
639 2672 732 2700 cum
756 2659 950 2698 haberem
969 2655 1195 2712 proposita,
1225 2654 1315 2696 fieri
1335 2656 1484 2710 potuit,

1436 2718 1482 2751 ut
