1612 2948
390 141 477 185 DE
505 140 602 184 1111.
645 138 826 184 CONS.
862 137 1104 183 HONOR

214 240 423 284 Caeruleus
440 239 511 282 tali
535 239 756 295 prostratus
790 238 986 294 Apolline
1009 236 1175 293 Python

210 315 423 371 Implicuit
442 313 580 356 fraffis
601 316 797 356 moritura
820 313 1029 354 volumina
1054 310 1178 352 filvis.

210 388 314 430 Cum
334 386 508 430 veetaris
530 401 637 442 equo
651 417 662 436 ,
689 386 977 441 fimulacraque
1001 384 1146 426 Martia
1164 382 1285 430 ludis,

97 472 170 514 549>
208 464 312 513 Quis
339 463 486 505 molles
506 462 661 504 sinuare
682 463 822 518 fugas,
852 462 943 516 quis
965 460 1134 502 tendere
1156 465 1326 500 contum

203 536 371 584 Acrior,
400 544 469 578 aut
487 537 639 578 subitos
660 537 807 581 melior
827 533 983 580 flexisse
1015 530 1233 587 recursus?

202 609 300 653 Non
322 618 363 652 te
384 610 612 666 Mass'agetae
626 640 637 659 ,
667 624 748 652 non
769 622 872 666 gens
893 609 1075 650 exercita
1096 620 1244 662 campo

203 684 413 734 Theffa1a‚
443 700 528 727 non
547 686 619 741 ipfi
637 693 831 742 poterunt
852 697 1014 740 aequare
1041 682 1302 724 bimembres.

207 759 294 805 Vix
314 763 488 810 comites
509 762 599 810 alae,
622 762 693 803 vix
714 768 756 802 te
783 759 963 815 suspensa
984 758 1206 814 sequuntur

97 843 166 884 345
201 834 404 890 Agmina,
436 835 718 890 ferventesque
741 841 902 875 tument
922 832 1011 888 post
1029 839 1145 886 terga
1168 830 1379 873 dracones.

211 909 348 966 thue
367 911 450 952 tuis
471 912 649 965 primum
668 911 831 965 sonipes
852 909 1076 951 calcaribus
1100 905 1205 955 arfit,

205 985 425 1039 Ignescunt
444 985 593 1039 patulae
614 998 745 1026 nares.
768 998 852 1025 non
874 984 997 1025 sentit
1033 993 1176 1023 arenas

203 1058 391 1117 Ungula,
423 1059 681 1117 discuffaeque
697 1061 808 1116 jubae
830 1061 1072 1116 sparguntur
1096 1059 1140 1098 in
1164 1067 1312 1102 armos.

248 1244 308 1281 537
332 1236 541 1273 moribunda
561 1238 656 1272 malit
673 1239 790 1291 Heinfi

143 1346 200 1389 537
222 1339 410 1383 Splendide
430 1340 525 1374 illam
554 1340 680 1374 caedem
710 1339 769 1374 de-

95 1381 212 1434 scribit
232 1385 345 1418 noster
366 1388 445 1419 Car.
465 1395 498 1427 2,
529 1385 590 1419 ubi
619 1385 770 1419 declara-

99 1440 225 1463 vimus.
280 1431 482 1475 Apollinem
523 1441 646 1475 quarto
690 1431 769 1471 vitae

99 1471 163 1508 fuae
185 1474 239 1508 die
258 1474 323 1509 hoc
353 1475 488 1510 facinus
518 1474 661 1510 edidisse
682 1504 691 1517 ‚
723 1475 768 1509 est

102 1519 195 1564 apud
224 1522 332 1565 Hygi.
362 1521 384 1556 f.
410 1533 493 1565 140,
524 1522 565 1555 ad
598 1533 701 1566 quem
719 1521 770 1555 lo-

100 1576 178 1616 cum
208 1565 412 1609 laudantur,
451 1567 685 1612 quipraeterea
707 1565 771 1599 hu-

99 1621 155 1654 jus
194 1611 242 1647 rei
287 1613 482 1654 meminei·e‚
546 1613 767 1646 Volmnim'hus

101 1654 123 1688 s.
168 1654 264 1698 spiris
305 1658 460 1703 corporis
498 1656 545 1690 sui
587 1655 768 1701 frangebat

100 1701 211 1745 Pytho
232 1701 348 1745 siluas,
380 1702 462 1735 dum
481 1714 518 1740 ea
551 1702 769 1743 vehementer

102 1744 334 1787 moribundus
358 1757 574 1793 contorquet.

148 1823 210 1858 539
235 1817 349 1849 Mollis
387 1813 432 1848 est
470 1813 621 1848 mobilis.
667 1815 770 1858 Fugas

102 1861 209 1893 molles
228 1863 336 1902 finuat
369 1870 492 1904 eques,
530 1871 608 1893 cum
637 1859 771 1902 sequaci

103 1903 266 1938 facilitate
290 1933 299 1946 ‚
336 1917 374 1946 ac
402 1905 584 1945 velocitate
611 1904 772 1944 inoffensa

101 1961 213 1993 equus
239 1951 500 1995 circumagitur,
549 1950 773 1984 Contrarium

102 1994 167 2029 esse
206 1996 347 2038 videtur
374 2006 440 2038 540
477 1996 599 2038 subitos
624 1997 774 2037 ‚reem-sus

100 2042 234 2086 flee‘lere.
305 2043 445 2076 Tendere
480 2050 610 2074 contum
639 2039 686 2073 est
713 2039 772 2073 ha-

104 2086 188 2120 stam
210 2085 381 2132 dirigere,
413 2087 502 2126 utin
521 2085 685 2120 concursu
704 2096 774 2119 non

102 2130 238 2211 {barret
259 2143 278 2166 a
308 2143 474 2179 corpore,
511 2131 607 2176 quod
632 2131 774 2177 petitur,

128 2189 147 2212 o
180 2190 231 2212 ιι.

148 2253 212 2287 542
236 2244 425 2278 Bimembres
450 2242 616 2277 Centauri
647 2241 777 2277 semife-

108 2288 160 2330 ri,
189 2288 411 2331 membrahic
442 2289 621 2324 hominum
650 2288 778 2322 haben-

107 2343 170 2376 tes,
189 2333 269 2369 hinc
288 2345 467 2380 equorum.
524 2335 570 2368 Hi
600 2334 775 2378 sagittato-

109 2390 160 2412 res
181 2381 332 2424 egregii,
365 2388 403 2413 ut
441 2380 498 2414 ille
527 2378 671 2414 coelestis
692 2379 777 2414 Chi-

111 2435 192 2466 ron,
212 2424 360 2459 Achillis
374 2436 481 2470 praece
509 2435 572 2459 tor.
597 2428 669 2463 Ala·
679 2425 777 2469 equi-

107 2478 182 2503 tum
213 2479 441 2505 trecentorum
458 2437 566 2514 ligera
586 2469 775 2516 republica.

108 2513 185 2550 Post
207 2516 387 2550 variatum.

153 2593 212 2625 543
240 2584 387 2627 Suspenfii
407 2585 553 2627 agmina:
598 2583 643 2616 ita
674 2582 778 2616 celer-

111 2628 197 2661 rime
224 2629 340 2661 euntia
379 2639 417 2661 ut
446 2641 515 2663 non
543 2629 623 2662 totis
651 2628 777 2673 plantis

109 2682 235 2706 terram
260 2674 471 2718 contingant.
534 2676 585 2708 De
621 2673 779 2708 draconi-

112 2716 178 2753 bus
196 2718 329 2753 dizstum
352 2712 395 2752 ad
415 2729 455 2762 ς,
475 2729 538 2763 177.
596 2720 676 2764 Qo
698 2731 780 2754 con-

814 2246 914 2291 flm‘lu
945 2245 1097 2288 fitffienfq
1132 2243 1289 2282 tumenti,

823 1134 863 1175 H
891 1145 910 1181 ς
1368 1125 1479 1167 Tur-

883 1245 945 1280 547
968 1234 1118 1270 habenas
1147 1233 1217 1276 Cuj.
1244 1234 1336 1267 male.

813 1338 955 1373 citatius
978 1335 1024 1370 est
1046 1336 1133 1377 iter,
1163 1346 1202 1369 eo
1222 1334 1332 1378 magis
1362 1332 1484 1366 adver-

812 1383 883 1417 sum
904 1392 996 1417 tenet
1018 1382 1084 1414 aeri
1098 1408 1108 1421 ‚
1129 1392 1167 1414 eo
1193 1379 1301 1423 magis
1317 1377 1485 1411 inflantur

813 1428 959 1464 consutae
982 1428 1047 1461 illa:
1064 1427 1099 1461 δι
1120 1437 1209 1460 cavae
1235 1436 1274 1458 ex
1306 1424 1401 1458 corio
1428 1422 1484 1456 vel

813 1475 922 1509 linteo
941 1473 1131 1506 draconum
1154 1470 1288 1515 effigies,
1334 1471 1408 1502 Nec
1430 1479 1483 1501 re-

814 1519 886 1553 felli
924 1518 1024 1552 facile
1061 1527 1145 1563 puto
1167 1544 1176 1556 ,
1215 1516 1236 1548 ss
1265 1515 1344 1560 quis
1379 1514 1485 1555 dicat,
1508 1548 1513 1553 ι

814 1564 914 1600 fuilse
936 1563 1024 1597 forte
1043 1574 1112 1597 non
1144 1572 1322 1605 nunquam
1349 1557 1487 1593 adhibi-

815 1620 866 1644 tas
888 1609 973 1656 ipsas
992 1619 1154 1642 verorum
1181 1608 1383 1641 Draconum
1404 1615 1486 1638 exu-

813 1667 899 1690 was,

860 1745 925 1788 546
953 1743 1173 1790 Hypallagen
1209 1750 1334 1777 vocant
1361 1743 1488 1775 Gram-

816 1791 946 1825 marici.
991 1792 1035 1823 Et
1053 1788 1128 1822 sane
1147 1787 1278 1821 retitui-n
1300 1796 1371 1820 erat
1386 1814 1394 1827 ,
1422 1798 1488 1820 non

810 1838 913 1882 sentit
931 1847 1025 1869 arena
1058 1836 1232 1878 ungulam:
1268 1843 1338 1865 non
1366 1831 1490 1877 impri-

818 1883 881 1915 mit
904 1880 1046 1926 ungulae
1065 1879 1248 1924 vestigium
1278 1888 1387 1922 equus
1417 1887 1488 1922 prae

817 1927 958 1961 levitate
999 1924 1136 1965 cursus,
1172 1933 1212 1958 nt
1251 1923 1399 1957 Camilla
1427 1922 1488 1955 illa

817 1972 1014 2016 virgiliana
1035 1980 1066 2013 7,
1096 1976 1164 2009 808
1195 1979 1299 2014 quam
1329 1967 1385 2002 bic
1411 1977 1491 2002 ante

821 2017 939 2055 oculos
959 2014 1080 2049 habuit
1099 2013 1229 2056 noster,
1250 2012 1377 2047 assueta
1395 2015 1488 2056 cursu

816 2064 933 2108 pedum
950 2070 1141 2106 praevertere
1157 2069 1267 2094 ventos
1279 2075 1288 2093 .-
1355 2061 1416 2093 Illa
1435 2061 1490 2092 vel

819 2110 946 2142 inruet-a»
968 2107 1088 2151 segetis
1115 2116 1173 2150 per
1202 2108 1330 2151 fiamma
1366 2106 1490 2138 volaret

821 2154 1000 2194 Gramina,
1027 2163 1085 2185 nec
1103 2160 1225 2185 teneras
1254 2153 1343 2194 cursu
1373 2151 1490 2192 Iaefiffet

1043 2199 1100 2233 Vel
1126 2207 1213 2237 mare
1244 2206 1302 2241 per
1338 2197 1488 2234 medium,

1381 2243 1489 2275 Ferret

820 2292 902 2331 iter,
940 2292 1051 2329 celeres
1081 2299 1137 2321 nec
1170 2289 1332 2331 tingueret
1366 2296 1489 2328 aequore

817 2338 957 2381 plantas.
1046 2332 1192 2367 Pulchre
1236 2332 1350 2376 itaque
1378 2331 1492 2364 diuu-

820 2392 879 2415 rus
898 2389 968 2414 erat
998 2378 1235 2419 Claudianus,
1261 2376 1355 2421 quod
1385 2374 1491 2409 modo

821 2425 991 2466 dicebam,
1014 2437 1078 2458 non
1089 2425 1193 2468 sentit
1203 2434 1297 2456 arena
1315 2423 1491 2464 ungulam.-

821 2471 876 2505 sed
905 2482 965 2504 nec
993 2469 1079 2503 illud
1109 2470 1177 2503 non
1206 2466 1392 2512 pulchrum
1424 2464 1488 2505 est,

822 2529 886 2553 nun
897 2517 1002 2561 sentit
1021 2527 1130 2549 arenas
1148 2511 1207 2547 libi
1225 2511 1416 2551 obstantes,
1437 2521 1492 2544 ce-

822 2562 991 2596 leritatem
1013 2559 1128 2594 cursus
1150 2557 1395 2601 impedientes,
1428 2567 1490 2589 un-

821 2610 909 2651 gnta.
954 2607 1008 2640 De
1022 2614 1094 2639 toto
1123 2604 1186 2637 hoc
1215 2613 1337 2647 genere
1366 2601 1493 2646 hyper-

823 2653 909 2687 bolae
930 2652 1002 2695 agit
1031 2648 1123 2684 Voss.
1144 2659 1185 2694 4,
1206 2659 1248 2683 ιε.
1267 2653 1299 2688 8.
1346 2647 1425 2681 Alia
1436 2645 1493 2681 hie

824 2698 922 2732 dedit
938 2695 1112 2732 Bar-thius.

819 2199 927 2240 aristas
937 2214 947 2232 ι
