1612 2948
510 147 602 188 CL.
645 145 1040 190 CLAUDIANI
1094 147 1244 192 XXIV

241 246 469 301 Magnaque
506 251 716 286 taurorum
746 243 936 286 fratturae
976 246 1082 288 colla
1130 248 1350 290 Britannae.

240 320 457 361 Dalmatiae
488 318 603 359 lucos
624 319 873 372 abruptaque
903 318 1068 359 brachia
1093 319 1210 362 Pindi

219 151 292 197 396

242 394 382 450 Sparsa
405 407 563 435 comam
586 393 843 434 Britomartis
862 394 960 447 agit.
990 400 1034 434 tu
1054 392 1209 436 Gallica
1231 397 1365 450 cingis

240 469 403 516 Lustra,
431 468 733 515 Leontodame‚
773 467 1154 523 Germanorumque
1184 471 1354 525 paludes

130 557 200 595 303

240 546 374 591 Emis,
406 544 450 585 &
467 543 497 585 fi
523 545 614 599 quis
635 543 823 584 defensus
851 545 1048 585 arundine
1077 545 1213 586 Rheni

242 617 390 660 Vastus
411 631 508 672 aper
526 618 654 658 nimio
678 618 821 658 dentes
841 619 1072 658 curvaverit
1103 632 1210 659 aevo.

240 690 460 735 Nubiferas
488 691 638 745 Alpes,
669 691 962 745 Apenninique
994 690 1182 739 recefl'us,

244 764 504 819 Garganique
531 765 649 805 nives
697 765 908 819 Hecaerge
941 772 1101 819 promta
1136 764 1297 820 fatigas:-

239 835 464 892 Speluncas
502 837 669 878 canibus
710 836 852 877 Thero
888 838 1058 878 rimatur
1088 837 1240 884 Iberas,
1352 831 1354 833 ’

128 924 193 959 310

239 910 519 965 Informesque
547 911 656 951 cavis
691 910 804 950 ursos
837 910 1015 951 detrudit
1046 910 1093 951 ab
1125 912 1267 956 antris,

242 990 429 1039 Quorum
448 988 554 1043 saepe
574 988 714 1043 Tagus
735 995 947 1029 manantes
980 988 1173 1043 sanguine
1192 987 1319 1029 rietus

237 1068 333 1109 Non
354 1067 511 1107 satiavit
533 1067 668 1121 aquis,
698 1065 740 1108 &
760 1080 861 1122 quos
879 1067 963 1122 jam
984 1066 1140 1121 frigore
1161 1067 1306 1122 segnes

239 1146 441 1201 Pyrenaea
468 1132 573 1199 tegit
605 1144 811 1185 latebrosis
839 1145 1052 1186 frondibus
1077 1145 1177 1186 ilex.

241 1222 423 1278 Cyrneis
444 1222 666 1278 Siculisque
694 1224 805 1278 jugis
827 1230 973 1264 venata
1003 1224 1148 1278 virago

125 1313 185 1351 315
222 1301 527 1356 Nebrophone,
557 1315 701 1344 cervos
728 1303 899 1358 aliasque
929 1304 973 1344 in
1002 1301 1165 1343 vincula
1193 1299 1308 1356 cogit

236 1381 333 1423 Non
352 1378 476 1419 saevas
509 1381 709 1433 pecudes,
736 1380 802 1421 sed
833 1381 1078 1422 luxuriantis
1099 1392 1234 1420 arenae

238 1458 418 1497 Delicias
429 1452 444 1504 ,’
466 1471 657 1512 pompam
677 1472 903 1500 nemorum.
934 1458 1231 1512 Quodcumque
1247 1451 1509 1496 tremendum
1556 1449 1560 1457 '

238 1535 452 1582 Dentibus,
481 1543 549 1575 aut
569 1535 723 1590 insigne
739 1536 870 1590 jubis,
895 1544 964 1578 aut
985 1536 1125 1577 nobile
1148 1547 1291 1579 cornu,

238 1613 324 1657 Aut
342 1612 523 1666 rigidum
544 1612 639 1654 setis
651 1641 664 1663 ‚
693 1614 876 1669 capitur:
903 1615 1028 1654 decus
1050 1626 1174 1654 omne
1194 1611 1400 1664 timorque

214 1798 282 1842 306
304 1809 504 1836 curvaverat
525 1804 615 1848 vulg.

174 1931 238 1966 304
258 1924 341 1957 Non
361 1931 448 1966 puto
459 1923 583 1957 Galliae
606 1923 719 1957 leones
740 1923 797 1956 hie

129 1968 292 2013 assignare
316 1967 461 2002 voluisse
479 1971 628 2009 Poetarm
653 1970 747 2014 quod
758 1980 798 2002 ex

127 2013 360 2058 appellatione
388 2013 568 2059 nymphae,
600 2014 642 2048 de
657 2025 725 2057 qua
754 2013 797 2047 ad

127 2065 203 2101 248,
226 2058 386 2103 suspicari
405 2059 485 2103 quis
505 2059 620 2104 possit:
656 2060 709 2093 sed
721 2071 795 2104 quae

125 2106 253 2137 Leones
274 2104 413 2138 domare
431 2105 587 2138 venatrix
607 2104 794 2150 potest‚cui

125 2147 205 2182 ferae
230 2160 300 2183 non
322 2160 384 2194 par
408 2149 473 2183 sit?

174 2223 240 2257 305
262 2216 343 2249 Non
363 2215 566 2259 ignorantiae
590 2216 700 2250 Poe'tae
720 2214 797 2250 sunt

124 2259 318 2294 tribuendae
341 2261 573 2295 arundines&
594 2261 667 2305 apri
683 2263 718 2295 in
738 2273 797 2306 pa-

132 2306 275 2339 ludibus
297 2306 431 2346 Rheni3
475 2305 530 2339 sed
557 2317 695 2340 mutatae
715 2317 795 2341 cum

127 2351 250 2384 incolis
269 2350 367 2384 faciei
393 2361 578 2384 terrarum:
610 2350 703 2385 unde
733 2353 795 2386 Pa-

126 2395 275 2436 laestina,
308 2395 344 2429 ἃ
372 2393 545 2440 Hispania:
565 2407 675 2434 partes
701 2408 794 2441 quae-

129 2441 209 2474 dam
232 2452 302 2475 non
319 2440 523 2486 respondent
542 2442 695 2486 antiquis
718 2443 792 2475 lau-

126 2485 251 2526 dibus,
303 2498 413 2531 neque
451 2488 639 2521 Germania
685 2486 796 2521 nostra

129 2530 340 2576 opprobriis.

171 2597 238 2640 306
264 2600 351 2632 Aevo
380 2598 403 2632 i.
429 2596 521 2632 senio
539 2598 667 2631 curvari
697 2609 797 2644 apro-

124 2653 201 2675 rum
232 2642 372 2683 (lentes,
420 2644 521 2677 etiarn
562 2644 794 2678 recentiorum

125 2687 314 2722 observatio
344 2687 409 2725 est,
447 2698 484 2721 ut
503 2689 721 2723 Aldrovandi
752 2689 794 2724 de

126 2734 306 2778 Qiadrup.
332 2732 451 2767 bifidis
470 2736 536 2768 L.1
563 2743 704 2778 p.1030.

1290 1686 1509 1728 Silvarum.

707 1808 771 1845 308
797 1801 963 1837 Nicharte
988 1802 1059 1837 Vic.
1075 1802 1168 1837 Vien.
1197 1800 1266 1835 viel.
1285 1809 1317 1832 v.
1329 1805 1398 1839 253.

886 1932 949 1964 307
983 1922 1132 1956 Eosdem
1167 1930 1300 1957 montes
1344 1921 1392 1955 ita
1428 1922 1510 1965 jun-

846 1967 901 2013 git
922 1974 954 2009 8,
975 1967 1051 2002 106.
1250 1990 1251 1993 η

876 2068 924 2099 31¹
942 2057 1114 2091 Describit
1124 2056 1209 2090 sitim
1223 2056 1379 2091 ursorum
1392 2056 1435 2090 ab
1447 2068 1510 2091 ex-

839 2104 1027 2147 agitatione
1063 2103 1097 2136 &
1130 2101 1333 2136 vulneribus
1377 2112 1485 2136 ortam
1500 2115 1512 2134 ε

832 2151 962 2192 frigore
982 2150 1095 2191 segnes
1123 2147 1225 2181 habet
1254 2147 1441 2192 respefihnn
1463 2147 1508 2180 ad

841 2193 942 2227 illum
970 2194 1124 2227 somnum
1147 2192 1303 2226 ursorum
1324 2191 1509 2225 hibernum

843 2250 861 2272 a
882 2250 950 2283 quo
972 2237 1192 2282 pinguescere
1206 2238 1309 2272 etiam
1329 2238 1507 2271 dicuntur.

841 2283 921 2319 vid.
934 2284 1019 2318 Plin.
1037 2290 1069 2323 8,
1082 2282 1134 2325 36.

883 2383 938 2417 314
963 2377 1111 2416 Cyrnaeus
1130 2385 1148 2407 a
1161 2374 1286 2419 Cyrne,
1307 2372 1400 2417 quod
1414 2373 1509 2407 Grae-

837 2431 915 2454 cum
935 2431 1060 2454 nomen
1072 2418 1224 2453 Corficae.
1273 2420 1507 2461 Nebrophonen

839 2465 1175 2509 jam3interpretatus
1201 2462 1273 2497 suin
1302 2462 1508 2497 interfeustri-

839 2522 912 2544 cem
932 2509 1186 2543 hinnuleoruin.
1227 2512 1333 2544 Arena
1347 2509 1509 2553 =luxuriari

840 2555 910 2589 dici
933 2553 1060 2599 potest,
1083 2565 1164 2588 cum
1186 2554 1221 2587 in
1242 2553 1509 2599 Amphitheatro

841 2600 895 2633 vel
916 2598 1008 2633 circo
1036 2598 1242 2633 exhibentur
1261 2610 1329 2633 non
1348 2597 1424 2632 ferae
1452 2597 1507 2630 sae-

841 2645 992 2685 vientes,
1023 2644 1077 2678 sed
1097 2656 1173 2689 quae
1192 2644 1314 2691 praedae
1333 2645 1368 2679 ἃ
1389 2642 1508 2678 mensis

844 2690 968 2735 populi
989 2690 1125 2725 cedant.
