1612 2948
441 149 526 193 DE
554 150 651 202 ΙΙΙ.
701 150 882 194 CONS.
924 151 1163 196 HONOR

115 254 180 299 163
223 249 418 296 Arcados,
449 246 492 289 &
511 247 690 292 Veneris
712 227 938 291 clemeutes
962 251 1127 294 advolat
1153 263 1283 293 auras.

228 326 335 367 Hinc
357 323 503 364 Phoebi
525 324 762 378 permensus
782 327 883 374 iter,
912 325 1199 382 flammamque
1220 333 1443 368 nocentem

225 398 419 449 Gradivi,
448 398 733 455 placidumque
757 400 924 448 lovem,
971 399 1082 442 stetit
1107 414 1199 442 arce
1222 401 1419 457 suprema,

223 475 396 530 Algenti
418 487 495 529 qua
517 489 624 517 zona
645 476 752 530 riget
771 474 957 518 Saturnia
984 475 1128 518 traftu.

225 549 414 591 Machina
444 550 604 591 laxatur
627 551 740 598 caeli,
767 551 984 606 rutilaeque
1019 551 1229 606 patescunt

116 636 186 679 170
236 623 392 680 Sponte
418 624 542 666 fores.
572 624 724 668 Aera
742 633 857 680 parat
881 639 1067 666 convexa
1087 627 1255 668 Bootes.

225 700 433 743 Australes
464 700 613 741 reserat
640 708 778 755 portas
799 700 1027 741 succinctus
1050 701 1197 749 Orion,

226 776 490 830 Invitautque
510 788 665 816 novum
687 774 815 822 fidus,
843 775 1106 829 pendentque
1124 774 1306 824 vieillim,

220 850 333 899 Quas
353 856 490 903 partes
513 849 613 890 velit
632 849 704 890 ille
724 849 859 904 sequi,
890 848 1036 904 quibus
1059 847 1138 889 effe
1160 849 1304 890 sodalis

223 923 431 978 Dignetur
453 922 593 970 stellis,
616 929 685 963 aut
707 935 785 977 qua
812 921 984 977 regione
1005 923 1169 963 morari.

278 999 316 1040 Ο
339 999 464 1039 decus
488 997 730 1045 aetherium,
758 1004 959 1039 terrarum
975 997 1108 1052 gloria
1130 997 1349 1053 quondam,

217 1071 282 1114 Te
303 1081 398 1115 tuus
431 1073 623 1114 Oceanus
653 1072 778 1113 natali
803 1073 967 1127 gurgite
988 1071 1130 1113 lafi'um

220 1148 412 1203 Excipit,
443 1148 486 1190 &
506 1149 616 1189 notis
635 1148 826 1202 Hispania
847 1147 1004 1202 proluit
1024 1147 1159 1188 undis.

227 1222 454 1265 Fortunate
475 1234 645 1277 parens,
672 1221 827 1275 primos
846 1234 940 1261 cum
963 1221 1125 1275 detegis
1150 1225 1282 1268 ortus,

1383 162 1423 203 83

111 1009 176 1052 ¹75

223 1298 409 1352 Adspicis
430 1298 676 1339 Arcadium:
707 1310 801 1337 cum
822 1304 863 1337 te
882 1296 1105 1350 proclivior
1132 1308 1271 1350 urges,

112 1378 176 1416 180
229 1372 459 1414 occiduum
482 1370 590 1411 visus
623 1375 852 1410 remoratur
873 1369 1082 1410 Honorius
1112 1369 1269 1423 ignem.

224 1447 279 1488 Et
302 1458 560 1502 quocumque
582 1458 710 1500 vagos
731 1442 872 1485 fieffis
902 1443 969 1484 sub
995 1443 1158 1484 cardine
1190 1442 1328 1484 cursus

222 1520 425 1563 Natorum
444 1533 518 1574 per
540 1532 668 1574 regna
691 1519 820 1566 venis,
858 1518 927 1573 qui
958 1524 1097 1558 mente
1128 1516 1281 1564 serena,

171 1588 175 1593 ⁸
222 1594 467 1650 Maturoque
493 1599 644 1648 regunt
667 1590 796 1634 vffikas
818 1590 1096 1632 moderamine
1121 1599 1293 1647 gentes;

389 1714 394 1719 .
823 1666 858 1708 F
887 1678 906 1712 3
1088 1713 1091 1716 Α
1339 1660 1502 1704 Saecula

116 1744 178 1784 165
201 1742 358 1789 pervolat
367 1746 459 1788 vulg.
551 1743 611 1786 167
633 1741 832 1778 Gradivum
845 1744 946 1777 MSS.
963 1753 1022 1787 per
1035 1742 1267 1788 appofitionem.
1359 1748 1502 1781 1741110·

116 1789 187 1823 veri
205 1791 294 1833 vulg.
327 1791 438 1823 teneri
460 1791 534 1823 MS.
671 1788 728 1831 176
754 1787 885 1833 lapsum
917 1791 1018 1823 MSS.
1039 1790 1109 1831 Bas.
1128 1800 1231 1832 marg.
1337 1794 1392 1827 ¹79
1421 1795 1503 1828 pro-

113 1835 241 1870 clinior
257 1836 349 1869 malit
364 1837 480 1879 Heinfi
501 1836 553 1868 hic
572 1835 607 1872 θ’
626 1835 727 1868 Ovid.
747 1834 826 1875 Fast.
845 1847 872 1877 3,
894 1847 953 1878 793.
1053 1840 1103 1873 131
1131 1832 1238 1868 flestis
1266 1832 1300 1869 Β
1317 1840 1438 1865 currus
1454 1831 1498 1863 al.

440 1887 495 1923 183
520 1880 654 1924 junstas
674 1882 715 1914 al.
750 1879 856 1914 viCtas
883 1892 919 1913 ex
940 1881 1041 1915 MSS.
1060 1880 1179 1923 Heius.

165 1957 226 1990 170
250 1947 370 1981 Sumta
381 1946 521 1981 videtur
543 1955 614 1980 tota
626 1945 695 1979 haec
709 1946 792 1980 ima-

118 2005 163 2037 go
175 1993 320 2026 fiderum
330 1993 445 2027 locum
458 1991 793 2026 offerentiumThco-

117 2038 164 2072 (ιο
184 2049 223 2071 ex
242 2039 369 2083 Georg.
390 2050 414 2079 1,
433 2048 470 2080 32
492 2036 537 2081 sq.
583 2038 710 2077 Bootae,
730 2037 790 2081 qui

118 2084 156 2118 δι
178 2083 438 2128 Ατξὶορὴγηκ,
466 2082 562 2116 -sidus
591 2082 635 2115 ad
663 2081 791 2126 Tropi-

118 2140 199 2164 cum
221 2130 346 2163 Cancri
376 2128 397 2163 s.
427 2127 581 2162 arestoum
601 2126 668 2169 cst,
696 2127 731 2162 δε
751 2127 790 2160 Γι-

118 2185 229 2220 gnum
248 2174 428 2218 Virginis:
457 2173 569 2207 Orion
595 2173 637 2206 ad
667 2172 790 2217 Capri·

119 2221 218 2254 corni
247 2220 460 2264 Tropicum,
498 2217 678 2252 australem
706 2228 791 2252 eun-

76 2292 88 2300 ,«
117 2265 210 2307 dem,
230 2266 268 2299 in
286 2265 414 2298 vicini-a
431 2264 550 2298 Tauri.

166 2366 220 2398 175
243 2354 454 2390 Theodosms
486 2357 554 2399 jam
591 2352 717 2388 caeleste
753 2353 792 2389 fi—

123 2401 210 2441 dus,
250 2410 340 2434 amat
379 2401 492 2435 adhuc
526 2401 672 2446 patriam
699 2398 792 2434 suam

123 2446 346 2490 Hispaniam,
376 2447 411 2481 &
431 2446 587 2480 vicinum
617 2446 668 2479 illi
688 2447 795 2479 Ocea-

125 2503 222 2532 num,
236 2502 305 2535 quo
316 2491 485 2537 mergitur
494 2491 671 2526 occidens:
691 2501 794 2535 quem

125 2536 386 2583 progenitorem
426 2536 616 2571 Theodofio
656 2536 797 2581 assignat

126 2589 160 2623 8,
181 2591 228 2616 22.
253 2580 308 2615 Cf.
328 2591 374 2622 12,
397 2591 442 2627 33⁷
480 2584 617 2617 Poterat
637 2582 689 2615 illi
718 2593 799 2626 pro-

127 2638 205 2674 pter
234 2625 406 2672 Hispaniae
437 2639 587 2662 amorem
616 2627 799 2672 peculiari-

128 2683 181 2707 ter
211 2672 373 2716 assignare
399 2673 602 2718 Capricorni
624 2672 800 2714 viciniam,

127 2717 189 2752 sub
208 2729 277 2762 quo
296 2719 455 2764 Hispanas
474 2729 583 2765 gentes
609 2718 710 2767 ponit
728 2720 803 2753 Ma-

130 2763 190 2798 nil-
209 2774 242 2806 4,
262 2772 339 2809 793·

882 1952 939 1988 178
965 1948 1217 1992 Qemcunque
1227 1943 1344 1978 locum
1369 1939 1500 1991 zodiq-

833 1992 864 2026 ci
885 1991 993 2025 sumat
1014 1990 1073 2025 fibi
1092 1988 1314 2028 Theodosius,
1335 1987 1418 2021 dum
1432 1996 1503 2019 orr-

834 2047 892 2070 tur
920 2036 1007 2081 (hoc
1036 2035 1082 2069 est
1111 2046 1199 2070 ortus
1223 2035 1343 2080 pri-mos
1360 2034 1502 2076 detegere

833 2081 855 2116 s.
875 2081 1074 2125 ostendere)
1102 2080 1234 2115 videbit
1258 2079 1372 2114 ¹filium
1400 2076 1499 2110 suum

834 2127 1036 2168 Arcadium,
1057 2127 1112 2161 cui
1133 2125 1320 2162 Orientalis
1340 2134 1419 2169 pars
1434 2122 1500 2156 im·-

800 2212 802 2215 ,
833 2173 919 2219 perii
949 2172 1059 2213 ceffit;
1091 2171 1176 2206 dum
1203 2169 1350 2210 occidit,
1379 2170 1502 2203 Hono-

833 2219 937 2259 rium,
958 2218 1015 2252 cui
1036 2218 1218 2262 affignatus
1239 2215 1284 2249 est
1305 2214 1479 2249 occidens.

879 2270 942 2303 180
964 2267 1154 2298 Remoratur
1171 2261 1273 2296 habet
1291 2257 1369 2300 ἦθος
1383 2259 1504 2292 suave:

835 2311 904 2355 jam
931 2310 999 2353 jam
1027 2309 1071 2343 ad
1104 2308 1319 2343 occidentem
1341 2303 1504 2339 festinans

834 2364 953 2400 pater,
983 2365 1054 2389 non
1079 2353 1187 2399 potest
1215 2351 1273 2386 fibi
1302 2360 1504 2395 temperare„

863 2412 908 2435 uo
931 2401 1045 2433 minus
1059 2399 1182 2433 resistat
1195 2397 1351 2443 paulum„
1381 2394 1503 2429 viden-

838 2412 873 2479 di
893 2445 1043 2479 Honorii
1063 2445 1112 2478 sui
1134 2443 1240 2478 causa.

884 2497 938 2533 ¹83
981 2493 1149 2525 Matar-um
1185 2487 1438 2522 festinationem
1467 2484 1505 2518 ἀ

839 2536 992 2570 violenta
1016 2535 1153 2570 consilia
1174 2533 1349 2573 excludit,
1374 2541 1413 2564 ut
1431 2530 1506 2564 Cic.

842 2582 885 2616 ad
903 2579 1122 2615 Dolabellam
1142 2590 1164 2625 9
1177 2607 1185 2620 ‚
1205 2590 1239 2621 14
1284 2580 1335 2611 lta
1360 2578 1508 2621 pedeten-

842 2629 900 2661 tim
921 2627 954 2663 ὅ
969 2627 1131 2671 gradatim
1150 2634 1218 2658 tum
1239 2625 1366 2665 acceffus
1384 2634 1402 2655 a
1421 2630 1450 2655 te
1468 2621 1510 2654 nd

843 2675 965 2716 causina
994 2673 1077 2714 falli
1108 2680 1176 2704 tum
1206 2670 1354 2711 receffns,
1390 2675 1427 2701 ut
1460 2678 1510 2700 res

844 2720 910 2763 ipfit
920 2719 1136 2750 maturitatem
1155 2716 1215 2748 tibi
1232 2712 1511 2748 animadvertendi

845 2764 986 2800 omnium
1004 2763 1139 2804 conceffu
1159 2762 1259 2795 daret.
