1612 2948
325 121 414 165 DE
443 119 634 164 CONS.
680 119 976 164 STILICH.
1033 121 1232 165 LIB.111

1323 135 1384 175 385

187 221 383 276 Hispanas
411 227 600 275 caperet,
629 219 787 263 Siculas
820 218 1020 261 obfideret
1049 221 1187 269 urbes,

186 298 240 339 Et
262 295 426 338 Gallum
453 297 574 336 terris
600 296 888 351 prosterneret,
915 310 1081 352 aequore
1108 296 1296 347 Poenum,

190 371 423 425 Numquam
457 371 667 412 succubuit
699 371 884 419 damnis,
914 369 956 411 &
979 372 1120 412 territa
1139 371 1255 413 nullo

74 453 139 493 145
179 441 391 490 Vulnere,
428 441 518 496 post
539 440 697 484 Cannas
731 443 858 497 major
881 442 1156 498 Trebiamque
1177 443 1400 485 fremebat:

187 516 242 557 Et
264 529 358 557 cum
373 518 459 570 jam
482 523 718 570 premerent
744 515 936 564 flammae,
974 530 1218 571 murumque
1252 517 1398 563 feriret

185 589 345 638 Hostis,
384 592 428 632 in
449 599 660 632 extremos
692 592 822 633 aciem
852 592 1041 635 mittebat
1068 591 1225 634 Iberos.

184 666 273 708 Nec
293 665 404 708 stetit
421 666 611 708 Oceano:
641 667 841 722 remisque
869 665 1044 722 ingreffa
1062 667 1320 721 profundum-

181 740 421 784 vincendos
442 742 522 782 alio
545 739 727 796 quaefivit
759 744 802 782 in
825 743 924 784 orbe
944 743 1177 785 Britannos.
1216 790 1222 796 .

69 827 133 864 ¹50
176 817 276 858 Haec
299 816 378 864 est,
406 818 450 858 in
472 802 677 872 gremium
697 816 828 860 νίξὶοε
852 832 944 875 quae
965 819 1047 859 sola
1064 818 1236 872 recepit,

176 891 492 946 Humanumque
512 905 644 946 genus
673 894 884 935 communi
910 894 1080 934 nomine
1112 892 1234 938 fovit,

175 963 341 1010 Matris,
370 977 455 1004 non
473 964 652 1007 dominae
665 992 677 1012 ,
705 964 815 1006 ritu:
846 964 1034 1019 civesque
1054 965 1234 1012 vocavit,

178 1036 296 1089 Quos
315 1036 497 1085 domuit,
525 1050 719 1092 nexuque
738 1038 810 1092 pio
835 1038 1064 1093 longinqua
1083 1038 1281 1080 revinxit.

234 1111 367 1165 Hujus
394 1110 578 1166 pacificis
611 1112 807 1153 debemus
838 1113 1020 1154 moribus
1041 1124 1200 1161 omnes,

62 1193 121 1231 ¹55
168 1183 292 1235 Qu'od
311 1183 440 1226 veluti
459 1185 603 1241 patriis
623 1185 863 1241 regionibus
894 1186 1024 1230 utitur
1044 1184 1191 1243 hospes
1203 1197 1217 1226 t

62 1376 121 1410 142
145 1366 360 1402 submitteret
381 1371 472 1415 vulg,
505 1369 673 1407 obsideret
691 1372 785 1407 etiam
803 1372 873 1416 Cuj.
907 1354 910 1373 ἶ

1329 1258 1454 1310 Quod

964 1372 1025 1415 146
1056 1377 1188 1406 teneret
1207 1369 1276 1413 Cuj.
1307 1366 1451 1405 ferirent

160 1427 237 1461 MS.
256 1429 392 1472 optimus
402 1431 519 1473 Heius.
539 1433 594 1474 qui
607 1432 745 1473 fimilem
765 1429 1020 1474 conftrm‘l'ionem
1039 1430 1220 1474 observavit
1241 1429 1338 1464 etiam

384 1488 425 1522 ad
445 1488 551 1524 Ovid.
570 1492 667 1525 Rem.
682 1489 742 1533 164
775 1491 810 1529 &9³
831 1492 875 1545 ad*
889 1492 977 1525 Aen.
993 1500 1048 1531 10,
1060 1495 1129 1532 238.

109 1625 166 1658 142
191 1615 336 1656 Obsides-e
362 1614 463 1647 tertia
491 1616 737 1660 conjugatione

62 1672 127 1695 nec
169 1662 321 1704 optimos
370 1657 531 1704 refugisse
551 1687 561 1701 ,
607 1660 735 1695 docent

62 1705 224 1740 Thesauri
250 1703 366 1738 nostri.

111 1760 166 1794 145
192 1752 230 1783 In
258 1747 363 1784 verbo
389 1751 550 1792 fremebat
579 1750 625 1784 est
655 1751 735 1795 pul-

63 1796 228 1831 chritudo
266 1794 419 1839 insignis.
503 1797 612 1829 Notat
639 1797 734 1830 enim

62 1842 206 1887 spiritus
236 1841 271 1875 δε
301 1841 435 1874 animos
472 1851 544 1874 non
561 1839 733 1885 depressos

64 1886 280 1927 calamitate,
311 1885 365 1919 ied
389 1885 529 1920 erenstos.
585 1887 735 1931 Oportet

63 1932 121 1966 hic
149 1931 310 1966 lestorem
360 1940 504 1965 eventus
542 1932 735 1976 praecipuos

65 1977 149 2011 belli
167 1976 436 2010 secundiPunici
455 1977 630 2011 memoriae
649 1988 735 2023 ptae-

61 2022 170 2058 sentes
191 2020 326 2056 habere.

112 2067 172 2110 146
195 2069 278 2102 Non
304 2066 460 2101 admovit
491 2067 734 2102 arietes³Han-

54 2112 183 2155 subal,
206 2111 262 2146 sed
284 2113 395 2158 portis
423 2111 664 2157 obequitavit,
696 2114 733 2149 δι

65 2159 175 2204 coepit
210 2168 410 2204 comparare
449 2157 493 2191 ad
521 2157 735 2193 obsidionem

68 2201 262 2238 necessaria.
322 2203 404 2238 Vid.
441 2203 514 2237 Liv.
548 2203 602 2245 26,
624 2215 663 2240 10
689 2204 736 2249 sq.

70 2250 139 2284 Hic
175 2247 281 2283 modo
318 2249 482 2294 ponimus
520 2247 623 2283 verba
651 2261 681 2284 c.
706 2260 734 2284 ιι

72 2296 221 2329 Minuere
248 2296 338 2339 spem
374 2295 570 2328 Hannibalis
594 2295 628 2332 ἦς’
652 2297 736 2338 aliae,

66 2351 170 2385 parva
205 2351 381 2384 magnaque
406 2352 474 2374 res:
519 2352 636 2384 magna
666 2342 736 2382 illa,

68 2386 152 2430 quod
170 2396 240 2418 cum
262 2387 325 2429 ipſs
350 2386 390 2419 ad
414 2386 535 2419 moenia
560 2387 646 2419 urhis
673 2388 738 2419 Ro-

71 2443 132 2465 mae
168 2440 309 2464 armatus
337 2432 481 2474 sederet,
529 2432 647 2464 milites
676 2432 737 2475 sub

71 2477 204 2510 vexillis
229 2477 265 2509 in
289 2477 548 2520 suppiementum
570 2478 738 2521 Hispaniae

68 2521 225 2566 profestos
242 2522 391 2561 audivi&
407 2532 510 2566 parva
520 2531 638 2562 antem,
657 2523 739 2566 quod

68 2577 128 2612 per
163 2578 211 2599 eos
243 2567 309 2600 dies
335 2578 406 2600 eum
426 2569 515 2610 forte
540 2579 674 2612 agrum,
704 2569 741 2601 in

71 2624 134 2655 quo
152 2612 212 2655 ipse
230 2612 325 2653 castra
345 2613 489 2654 haberet,
512 2614 636 2655 νεηίβέ,
655 2614 743 2648 nihil

73 2658 111 2690 ob
130 2657 164 2689 id
194 2657 355 2690 deminuto
371 2659 474 2700 pretio
488 2685 498 2700 ‚
522 2660 687 2705 cognitum
704 2669 740 2694 ex

71 2702 206 2748 quodam
225 2704 348 2748 cagtivo
368 2703 418 2746 est.

825 1626 886 1661 ¹49
910 1615 1037 1650 Adhuc
1066 1613 1242 1659 Virgilius
1270 1612 1342 1647 Ecl.
1365 1622 1391 1654 ι,
1409 1612 1453 1655 67

775 1665 906 1707 penitus
930 1670 995 1695 toto
1034 1660 1248 1705 divisoslorbe
1276 1660 1452 1692 Britannot

779 1707 886 1742 dixit.

825 1761 887 1793 150
909 1752 977 1785 Ars
1005 1753 1160 1786 Romana
1188 1748 1258 1783 haec
1285 1747 1375 1790 fuit,
1408 1756 1449 1782 ut

777 1798 923 1832 devietis
951 1808 1021 1830 non
1050 1807 1168 1841 pacem
1189 1793 1294 1828 modo
1319 1793 1374 1827 sed
1400 1794 1450 1828 ci-

777 1845 920 1877 vitatem
936 1842 1068 1875 darent.
1090 1841 1249 1882 Liv.1‚33
1274 1838 1316 1872 de
1343 1840 1446 1873 Anco

776 1889 932 1930 Marcio,
946 1890 1073 1932 secutus
1088 1897 1205 1921 morem
1232 1897 1341 1929 regum
1364 1886 1452 1930 prio-

776 1947 849 1969 rum
865 1936 920 1978 qui
937 1945 1005 1968 rem
1023 1935 1199 1966 Romanam
1221 1939 1374 1964 auxerant
1390 1931 1447 1963 ho-

769 1981 870 2023 stibus
896 1981 934 2013 in
961 1980 1126 2012 civitatem
1152 1976 1352 2020 accipiendis.
1405 1977 1450 2010 Et

776 2026 939 2060 novimus
961 2023 1142 2069 paullatim
1174 2031 1281 2055 totam
1301 2020 1450 2062 ltaliam,

776 2071 916 2104 tandem
938 2097 947 2111 ‚
990 2067 1237 2103 constitutione
1275 2066 1449 2101 Antonini

776 2115 962 2150 Caracauae
980 2125 1098 2149 omnes
1116 2113 1153 2147 in
1171 2112 1320 2157 Imperio
1333 2111 1449 2146 Ro.li·

780 2159 882 2196 beros
906 2161 943 2194 in
969 2161 1146 2194 civitatem
1172 2166 1350 2202 receptos,
1376 2167 1447 2200 qua

778 2206 823 2240 de
843 2218 879 2240 re
898 2206 993 2239 velut
1018 2205 1189 2239 clafficum
1209 2214 1297 2247 opus
1323 2201 1370 2237 est
1387 2203 1448 2237 ΕΖ,

779 2251 981 2297 spanhemii
999 2248 1105 2285 Orbis
1125 2251 1314 2283 Romanus.

827 2327 881 2359 151
908 2319 962 2351 De
989 2315 1053 2351 hac
1080 2326 1115 2349 re
1144 2315 1233 2349 Plin.
1254 2314 1291 2348 in
1310 2324 1451 2358 perora·

778 2364 873 2398 tione
908 2363 1023 2408 operis
1050 2362 1140 2396 inter
1171 2360 1237 2393 alia
1276 2358 1449 2404 pluscula,

780 2420 877 2443 uuam
895 2408 1031 2442 Italiam
1049 2408 1232 2441 cannarum
1246 2406 1393 2449 gentium
1410 2406 1449 2439 in

783 2464 848 2489 toto
867 2454 937 2488 orbe
953 2455 1094 2499 patriam
1106 2453 1241 2495 fallam.

829 2530 886 2562 155
910 2522 1128 2566 rounque
1149 2517 1266 2557 venit,
1285 2516 1374 2551 civis
1394 2515 1451 2557 est,

783 2569 859 2611 jura
877 2566 1073 2601 communia
1096 2562 1218 2603 habet,
1241 2562 1277 2595 in
1297 2560 1366 2594 fide
1381 2572 1452 2594 ma-

785 2611 994 2690 gistratiqum
1013 2610 1049 2647 &
1061 2607 1254 2658 „Praefidum
1278 2609 1451 2642 Romano-

784 2669 864 2692 rum
886 2669 904 2691 e
936 2684 944 2691 .

845 2757 934 2801 Bb
