<?xml version="1.0" encoding="UTF-8"?>
<!DOCTYPE html PUBLIC "-//W3C//DTD XHTML 1.0 Transitional//EN"
    "http://www.w3.org/TR/xhtml1/DTD/xhtml1-transitional.dtd">
<html xmlns="http://www.w3.org/1999/xhtml" xml:lang="en" lang="en">
 <head>
  <title>
</title>
<meta http-equiv="Content-Type" content="text/html;charset=utf-8" />
  <meta name='ocr-system' content='tesseract 3.04.00' />
  <meta name='ocr-capabilities' content='ocr_page ocr_carea ocr_par ocr_line ocrx_word'/>
</head>
<body>
  <div class='ocr_page' id='page_1' title='image "./quaeexstantvarie00clauuoft_0044.png"; bbox 0 0 1612 2948; ppageno 0'>
   <div class='ocr_carea' id='block_1_1' title="bbox 94 121 1376 173">
    <p class='ocr_par' dir='ltr' id='par_1_1' title="bbox 94 121 1376 173">
     <span class='ocr_line' id='line_1_1' title="bbox 94 121 1376 173; baseline 0.001 -8"><span class='ocrx_word' id='word_1_1' title='bbox 94 123 291 168; x_wconf 78' lang='lat' dir='ltr'>XXVIII</span> <span class='ocrx_word' id='word_1_2' title='bbox 359 124 394 165; x_wconf 89' lang='grc' dir='ltr'><strong>Ι.</strong></span> <span class='ocrx_word' id='word_1_3' title='bbox 421 123 476 165; x_wconf 90' lang='grc' dir='ltr'><strong>Μ.</strong></span> <span class='ocrx_word' id='word_1_4' title='bbox 508 121 803 173; x_wconf 75' lang='lat' dir='ltr'>GESNERI</span> <span class='ocrx_word' id='word_1_5' title='bbox 859 121 1376 167; x_wconf 83' lang='lat' dir='ltr'>PROLEGOMENA</span> 
     </span>
    </p>
   </div>
   <div class='ocr_carea' id='block_1_2' title="bbox 235 217 1482 845">
    <p class='ocr_par' dir='ltr' id='par_1_2' title="bbox 235 217 1482 845">
     <span class='ocr_line' id='line_1_2' title="bbox 235 217 1482 276; baseline 0.001 -15"><span class='ocrx_word' id='word_1_6' title='bbox 235 219 439 266; x_wconf 70' lang='lat' dir='ltr'><strong>¹Praefatur</strong></span> <span class='ocrx_word' id='word_1_7' title='bbox 465 219 591 262; x_wconf 75' lang='lat' dir='ltr'><strong>Anto.</strong></span> <span class='ocrx_word' id='word_1_8' title='bbox 613 217 848 274; x_wconf 82' lang='lat' dir='ltr'><em>Fraucz&#39;scus</em></span> <span class='ocrx_word' id='word_1_9' title='bbox 880 220 1127 276; x_wconf 80' lang='lat' dir='ltr'><em>Varerieufis</em></span> <span class='ocrx_word' id='word_1_10' title='bbox 1155 221 1205 262; x_wconf 84' lang='lat' dir='ltr'><strong>ad</strong></span> <span class='ocrx_word' id='word_1_11' title='bbox 1223 221 1366 262; x_wconf 84' lang='lat' dir='ltr'><em>Franc.</em></span> <span class='ocrx_word' id='word_1_12' title='bbox 1389 219 1482 275; x_wconf 60' lang='lat' dir='ltr'><strong>spi-</strong></span> 
     </span>
     <span class='ocr_line' id='line_1_3' title="bbox 272 274 1480 329; baseline 0.002 -12"><span class='ocrx_word' id='word_1_13' title='bbox 272 278 437 325; x_wconf 77' lang='lat' dir='ltr'><strong>nellum,</strong></span> <span class='ocrx_word' id='word_1_14' title='bbox 467 274 775 318; x_wconf 66' lang='lat' dir='ltr'><strong>eruditissimum</strong></span> <span class='ocrx_word' id='word_1_15' title='bbox 789 277 1006 329; x_wconf 80' lang='lat' dir='ltr'><strong>juvenem:</strong></span> <span class='ocrx_word' id='word_1_16' title='bbox 1039 303 1100 310; x_wconf 89' lang='lat'><strong>-—-</strong></span> <span class='ocrx_word' id='word_1_17' title='bbox 1139 278 1386 319; x_wconf 80' lang='lat' dir='ltr'><em>Florentiam</em></span> <span class='ocrx_word' id='word_1_18' title='bbox 1414 291 1480 320; x_wconf 79' lang='lat' dir='ltr'><strong>re-</strong></span> 
     </span>
     <span class='ocr_line' id='line_1_4' title="bbox 269 332 1480 390; baseline 0.001 -16"><span class='ocrx_word' id='word_1_19' title='bbox 269 333 409 389; x_wconf 75' lang='lat' dir='ltr'><strong>versus</strong></span> <span class='ocrx_word' id='word_1_20' title='bbox 426 334 572 389; x_wconf 71' lang='lat' dir='ltr'><strong>statim</strong></span> <span class='ocrx_word' id='word_1_21' title='bbox 601 332 816 373; x_wconf 83' lang='lat' dir='ltr'><strong>Bernardo</strong></span> <span class='ocrx_word' id='word_1_22' title='bbox 838 332 993 387; x_wconf 65' lang='lat' dir='ltr'><strong>Q‘Juntae</strong></span> <span class='ocrx_word' id='word_1_23' title='bbox 1019 334 1149 390; x_wconf 78' lang='lat' dir='ltr'><em>nostro</em></span> <span class='ocrx_word' id='word_1_24' title='bbox 1179 358 1235 367; x_wconf 86' lang='lat'><strong>--</strong></span> <span class='ocrx_word' id='word_1_25' title='bbox 1257 333 1480 390; x_wconf 75' lang='lat' dir='ltr'><em>persuadeo</em></span> 
     </span>
     <span class='ocr_line' id='line_1_5' title="bbox 268 390 1480 447; baseline 0 -15"><span class='ocrx_word' id='word_1_26' title='bbox 268 416 331 424; x_wconf 90' lang='lat'><strong>---</strong></span> <span class='ocrx_word' id='word_1_27' title='bbox 364 390 528 432; x_wconf 77' lang='lat' dir='ltr'><strong>Collatis</strong></span> <span class='ocrx_word' id='word_1_28' title='bbox 563 402 661 442; x_wconf 86' lang='lat' dir='ltr'><strong>ergo</strong></span> <span class='ocrx_word' id='word_1_29' title='bbox 694 390 736 429; x_wconf 79' lang='lat' dir='ltr'><strong>iu</strong></span> <span class='ocrx_word' id='word_1_30' title='bbox 770 402 893 430; x_wconf 82' lang='lat' dir='ltr'><strong>unum</strong></span> <span class='ocrx_word' id='word_1_31' title='bbox 933 391 1212 447; x_wconf 58' lang='lat' dir='ltr'><strong>antiqurffimis</strong></span> <span class='ocrx_word' id='word_1_32' title='bbox 1239 391 1480 444; x_wconf 84' lang='lat' dir='ltr'><strong>exemplari-</strong></span> 
     </span>
     <span class='ocr_line' id='line_1_6' title="bbox 271 445 1480 504; baseline 0 -15"><span class='ocrx_word' id='word_1_33' title='bbox 271 448 367 495; x_wconf 79' lang='lat' dir='ltr'><strong>bus,</strong></span> <span class='ocrx_word' id='word_1_34' title='bbox 404 460 492 502; x_wconf 80' lang='lat' dir='ltr'><strong>quoe</strong></span> <span class='ocrx_word' id='word_1_35' title='bbox 521 446 730 499; x_wconf 75' lang='lat' dir='ltr'><strong>potuimus</strong></span> <span class='ocrx_word' id='word_1_36' title='bbox 773 445 942 488; x_wconf 69' lang='lat' dir='ltr'><em>vulnera</em></span> <span class='ocrx_word' id='word_1_37' title='bbox 975 447 1192 489; x_wconf 73' lang='lat' dir='ltr'><em>Claudiano</em></span> <span class='ocrx_word' id='word_1_38' title='bbox 1219 447 1480 504; x_wconf 79' lang='lat' dir='ltr'><em>sanavimus,</em></span> 
     </span>
     <span class='ocr_line' id='line_1_7' title="bbox 266 502 1479 560; baseline 0.002 -15"><span class='ocrx_word' id='word_1_39' title='bbox 266 504 324 545; x_wconf 82' lang='lat' dir='ltr'><strong>ad</strong></span> <span class='ocrx_word' id='word_1_40' title='bbox 352 503 423 545; x_wconf 74' lang='lat' dir='ltr'><strong>hoc</strong></span> <span class='ocrx_word' id='word_1_41' title='bbox 451 505 536 544; x_wconf 69' lang='lat' dir='ltr'><em>acri</em></span> <span class='ocrx_word' id='word_1_42' title='bbox 566 504 689 544; x_wconf 78' lang='lat' dir='ltr'><strong>Daxii</strong></span> <span class='ocrx_word' id='word_1_43' title='bbox 707 502 867 557; x_wconf 72' lang='lat' dir='ltr'><em>judicio</em></span> <span class='ocrx_word' id='word_1_44' title='bbox 896 503 970 558; x_wconf 73' lang='lat' dir='ltr'><strong>usi,</strong></span> <span class='ocrx_word' id='word_1_45' title='bbox 1011 504 1108 546; x_wconf 80' lang='lat' dir='ltr'><strong>adeo</strong></span> <span class='ocrx_word' id='word_1_46' title='bbox 1147 511 1193 546; x_wconf 78' lang='lat' dir='ltr'><strong>ut</strong></span> <span class='ocrx_word' id='word_1_47' title='bbox 1234 512 1479 560; x_wconf 79' lang='lat' dir='ltr'><strong>compertum</strong></span> 
     </span>
     <span class='ocr_line' id='line_1_8' title="bbox 265 559 1479 617; baseline 0.001 -15"><span class='ocrx_word' id='word_1_48' title='bbox 265 559 449 609; x_wconf 83' lang='lat' dir='ltr'><strong>habeam,</strong></span> <span class='ocrx_word' id='word_1_49' title='bbox 474 566 511 600; x_wconf 83' lang='lat' dir='ltr'><strong>te</strong></span> <span class='ocrx_word' id='word_1_50' title='bbox 532 573 610 600; x_wconf 80' lang='lat' dir='ltr'><strong>nou</strong></span> <span class='ocrx_word' id='word_1_51' title='bbox 629 561 802 613; x_wconf 77' lang='lat' dir='ltr'><strong>amplius</strong></span> <span class='ocrx_word' id='word_1_52' title='bbox 825 574 912 601; x_wconf 75' lang='lat' dir='ltr'><strong>eum</strong></span> <span class='ocrx_word' id='word_1_53' title='bbox 923 560 1119 602; x_wconf 82' lang='lat' dir='ltr'><strong>Claudum</strong></span> <span class='ocrx_word' id='word_1_54' title='bbox 1140 569 1479 617; x_wconf 61' lang='lat' dir='ltr'><em>nuncupatur-um.</em></span> 
     </span>
     <span class='ocr_line' id='line_1_9' title="bbox 271 616 1480 675; baseline 0 -15"><span class='ocrx_word' id='word_1_55' title='bbox 271 619 369 660; x_wconf 88' lang='lat' dir='ltr'><strong>Non</strong></span> <span class='ocrx_word' id='word_1_56' title='bbox 400 618 515 658; x_wconf 87' lang='lat' dir='ltr'><strong>usum</strong></span> <span class='ocrx_word' id='word_1_57' title='bbox 546 616 625 658; x_wconf 79' lang='lat' dir='ltr'><strong>efl&#39;e</strong></span> <span class='ocrx_word' id='word_1_58' title='bbox 646 617 808 664; x_wconf 76' lang='lat' dir='ltr'><strong>Juntam</strong></span> <span class='ocrx_word' id='word_1_59' title='bbox 828 616 1028 658; x_wconf 70' lang='lat' dir='ltr'><strong>Carnem-is</strong></span> <span class='ocrx_word' id='word_1_60' title='bbox 1057 619 1260 667; x_wconf 82' lang='lat' dir='ltr'><strong>editione,</strong></span> <span class='ocrx_word' id='word_1_61' title='bbox 1289 626 1480 675; x_wconf 82' lang='lat' dir='ltr'><strong>apparet,</strong></span> 
     </span>
     <span class='ocr_line' id='line_1_10' title="bbox 263 674 1480 732; baseline 0.002 -17"><span class='ocrx_word' id='word_1_62' title='bbox 263 675 373 730; x_wconf 89' lang='lat' dir='ltr'><strong>quod</strong></span> <span class='ocrx_word' id='word_1_63' title='bbox 393 688 478 715; x_wconf 86' lang='lat' dir='ltr'><strong>nou</strong></span> <span class='ocrx_word' id='word_1_64' title='bbox 499 674 622 716; x_wconf 80' lang='lat' dir='ltr'><strong>habet</strong></span> <span class='ocrx_word' id='word_1_65' title='bbox 648 681 822 730; x_wconf 84' lang='lat' dir='ltr'><strong>quatuor</strong></span> <span class='ocrx_word' id='word_1_66' title='bbox 847 675 916 716; x_wconf 80' lang='lat' dir='ltr'><strong>illa</strong></span> <span class='ocrx_word' id='word_1_67' title='bbox 937 677 1114 716; x_wconf 74' lang='lat' dir='ltr'><strong>carmina</strong></span> <span class='ocrx_word' id='word_1_68' title='bbox 1134 676 1182 717; x_wconf 86' lang='lat' dir='ltr'><strong>ab</strong></span> <span class='ocrx_word' id='word_1_69' title='bbox 1203 677 1276 717; x_wconf 93' lang='lat' dir='ltr'><strong>illo</strong></span> <span class='ocrx_word' id='word_1_70' title='bbox 1299 678 1480 732; x_wconf 87' lang='lat' dir='ltr'><strong>primum</strong></span> 
     </span>
     <span class='ocr_line' id='line_1_11' title="bbox 264 730 1478 787; baseline 0.002 -15"><span class='ocrx_word' id='word_1_71' title='bbox 264 732 386 772; x_wconf 89' lang='lat' dir='ltr'><strong>edita.</strong></span> <span class='ocrx_word' id='word_1_72' title='bbox 417 731 611 773; x_wconf 87' lang='lat' dir='ltr'><strong>Ceterum</strong></span> <span class='ocrx_word' id='word_1_73' title='bbox 631 730 742 773; x_wconf 59' lang='lat' dir='ltr'><strong>reete</strong></span> <span class='ocrx_word' id='word_1_74' title='bbox 764 731 978 785; x_wconf 78' lang='lat' dir='ltr'><strong>conjecifl&#39;e</strong></span> <span class='ocrx_word' id='word_1_75' title='bbox 1000 742 1101 787; x_wconf 88' lang='lat' dir='ltr'><strong>puto</strong></span> <span class='ocrx_word' id='word_1_76' title='bbox 1113 733 1478 776; x_wconf 82' lang='lat' dir='ltr'><strong>Niclafiummeum</strong></span> 
     </span>
     <span class='ocr_line' id='line_1_12' title="bbox 261 788 920 845; baseline -0.002 -15"><span class='ocrx_word' id='word_1_77' title='bbox 261 790 307 830; x_wconf 90' lang='lat' dir='ltr'><strong>in</strong></span> <span class='ocrx_word' id='word_1_78' title='bbox 327 788 525 845; x_wconf 82' lang='lat' dir='ltr'><strong>Catalogo</strong></span> <span class='ocrx_word' id='word_1_79' title='bbox 555 789 625 830; x_wconf 89' lang='lat' dir='ltr'><strong>suo</strong></span> <span class='ocrx_word' id='word_1_80' title='bbox 655 790 704 830; x_wconf 85' lang='lat' dir='ltr'><strong>ad</strong></span> <span class='ocrx_word' id='word_1_81' title='bbox 735 789 786 830; x_wconf 88' lang='lat' dir='ltr'><strong>A.</strong></span> <span class='ocrx_word' id='word_1_82' title='bbox 819 800 920 838; x_wconf 78' lang='lat'>¹349·</span> 
     </span>
    </p>
   </div>
   <div class='ocr_carea' id='block_1_3' title="bbox 100 862 1482 1899">
    <p class='ocr_par' dir='ltr' id='par_1_3' title="bbox 100 862 1482 1077">
     <span class='ocr_line' id='line_1_13' title="bbox 100 862 1480 922; baseline 0.001 -19"><span class='ocrx_word' id='word_1_83' title='bbox 100 863 210 915; x_wconf 67' lang='lat'><em>*¹523</em></span> <span class='ocrx_word' id='word_1_84' title='bbox 263 863 456 908; x_wconf 82' lang='lat' dir='ltr'><strong>Venetiis</strong></span> <span class='ocrx_word' id='word_1_85' title='bbox 483 872 516 908; x_wconf 84' lang='lat'><strong>8.</strong></span> <span class='ocrx_word' id='word_1_86' title='bbox 575 862 635 905; x_wconf 88' lang='lat' dir='ltr'><strong>Cl.</strong></span> <span class='ocrx_word' id='word_1_87' title='bbox 656 863 868 905; x_wconf 86' lang='lat' dir='ltr'><strong>Claudiani</strong></span> <span class='ocrx_word' id='word_1_88' title='bbox 890 878 1014 919; x_wconf 84' lang='lat' dir='ltr'><strong>opera</strong></span> <span class='ocrx_word' id='word_1_89' title='bbox 1036 879 1156 922; x_wconf 88' lang='lat' dir='ltr'><strong>quam</strong></span> <span class='ocrx_word' id='word_1_90' title='bbox 1176 864 1480 921; x_wconf 79' lang='lat' dir='ltr'><strong>diligentiffnne</strong></span> 
     </span>
     <span class='ocr_line' id='line_1_14' title="bbox 209 919 1482 976; baseline 0.001 -13"><span class='ocrx_word' id='word_1_91' title='bbox 209 921 412 976; x_wconf 81' lang='lat' dir='ltr'><strong>castigata.</strong></span> <span class='ocrx_word' id='word_1_92' title='bbox 470 922 519 963; x_wconf 88' lang='lat' dir='ltr'><strong>In</strong></span> <span class='ocrx_word' id='word_1_93' title='bbox 542 919 649 961; x_wconf 89' lang='lat' dir='ltr'><strong>fine:</strong></span> <span class='ocrx_word' id='word_1_94' title='bbox 680 921 871 965; x_wconf 85' lang='lat' dir='ltr'><strong>Venetiis</strong></span> <span class='ocrx_word' id='word_1_95' title='bbox 886 922 928 961; x_wconf 89' lang='lat' dir='ltr'><strong>in</strong></span> <span class='ocrx_word' id='word_1_96' title='bbox 948 923 1102 964; x_wconf 87' lang='lat' dir='ltr'><strong>aedibus</strong></span> <span class='ocrx_word' id='word_1_97' title='bbox 1125 924 1222 965; x_wconf 89' lang='lat' dir='ltr'><strong>Aldi</strong></span> <span class='ocrx_word' id='word_1_98' title='bbox 1241 924 1283 965; x_wconf 87' lang='lat'>&amp;</span> <span class='ocrx_word' id='word_1_99' title='bbox 1299 924 1482 966; x_wconf 65' lang='lat' dir='ltr'><strong>Andreae</strong></span> 
     </span>
     <span class='ocr_line' id='line_1_15' title="bbox 210 978 1480 1037; baseline 0.002 -19"><span class='ocrx_word' id='word_1_100' title='bbox 210 979 377 1024; x_wconf 83' lang='lat' dir='ltr'><strong>Asulani</strong></span> <span class='ocrx_word' id='word_1_101' title='bbox 410 978 566 1027; x_wconf 85' lang='lat' dir='ltr'><strong>soceri,</strong></span> <span class='ocrx_word' id='word_1_102' title='bbox 613 978 749 1020; x_wconf 85' lang='lat' dir='ltr'><strong>mense</strong></span> <span class='ocrx_word' id='word_1_103' title='bbox 777 979 926 1021; x_wconf 78' lang='lat' dir='ltr'><strong>Martio</strong></span> <span class='ocrx_word' id='word_1_104' title='bbox 964 979 1019 1021; x_wconf 84' lang='lat' dir='ltr'><strong>M.</strong></span> <span class='ocrx_word' id='word_1_105' title='bbox 1031 980 1081 1022; x_wconf 92' lang='lat' dir='ltr'><strong>D.</strong></span> <span class='ocrx_word' id='word_1_106' title='bbox 1094 980 1253 1023; x_wconf 84' lang='lat' dir='ltr'>XXIII.</span> <span class='ocrx_word' id='word_1_107' title='bbox 1314 981 1386 1037; x_wconf 81' lang='lat' dir='ltr'><strong>Est</strong></span> <span class='ocrx_word' id='word_1_108' title='bbox 1408 993 1480 1035; x_wconf 78' lang='lat' dir='ltr'><strong>pe-</strong></span> 
     </span>
     <span class='ocr_line' id='line_1_16' title="bbox 210 1049 380 1077; baseline -0.018 0"><span class='ocrx_word' id='word_1_109' title='bbox 210 1050 281 1077; x_wconf 84' lang='lat' dir='ltr'><strong>ues</strong></span> <span class='ocrx_word' id='word_1_110' title='bbox 308 1049 380 1075; x_wconf 79' lang='lat' dir='ltr'><strong>me.</strong></span> 
     </span>
    </p>

    <p class='ocr_par' dir='ltr' id='par_1_4' title="bbox 238 1090 1480 1662">
     <span class='ocr_line' id='line_1_17' title="bbox 238 1090 1480 1148; baseline 0.002 -15"><span class='ocrx_word' id='word_1_111' title='bbox 238 1092 437 1134; x_wconf 74' lang='lat' dir='ltr'><strong>Praefatur</strong></span> <span class='ocrx_word' id='word_1_112' title='bbox 472 1093 617 1133; x_wconf 81' lang='lat' dir='ltr'><em>Franc.</em></span> <span class='ocrx_word' id='word_1_113' title='bbox 646 1090 850 1148; x_wconf 82' lang='lat' dir='ltr'><em>Asulanus</em></span> <span class='ocrx_word' id='word_1_114' title='bbox 878 1092 928 1132; x_wconf 82' lang='lat' dir='ltr'><strong>ad</strong></span> <span class='ocrx_word' id='word_1_115' title='bbox 957 1092 1088 1134; x_wconf 83' lang='lat' dir='ltr'><strong>Nicol.</strong></span> <span class='ocrx_word' id='word_1_116' title='bbox 1119 1092 1166 1134; x_wconf 88' lang='lat' dir='ltr'><strong>de</strong></span> <span class='ocrx_word' id='word_1_117' title='bbox 1198 1093 1354 1136; x_wconf 83' lang='lat' dir='ltr'><em>Guda&#39;is</em></span> <span class='ocrx_word' id='word_1_118' title='bbox 1382 1095 1416 1136; x_wconf 92' lang='lat' dir='ltr'><strong>F</strong></span> <span class='ocrx_word' id='word_1_119' title='bbox 1418 1094 1480 1136; x_wconf 84' lang='lat' dir='ltr'><strong>lo-</strong></span> 
     </span>
     <span class='ocr_line' id='line_1_18' title="bbox 263 1149 1480 1205; baseline 0.001 -14"><span class='ocrx_word' id='word_1_120' title='bbox 263 1150 495 1196; x_wconf 83' lang='lat' dir='ltr'><strong>rentinum,</strong></span> <span class='ocrx_word' id='word_1_121' title='bbox 525 1149 770 1204; x_wconf 84' lang='lat' dir='ltr'>Episcopum</span> <span class='ocrx_word' id='word_1_122' title='bbox 802 1149 981 1190; x_wconf 83' lang='lat' dir='ltr'><strong>Firmen.</strong></span> <span class='ocrx_word' id='word_1_123' title='bbox 1042 1150 1139 1191; x_wconf 82' lang='lat' dir='ltr'><strong>Non</strong></span> <span class='ocrx_word' id='word_1_124' title='bbox 1165 1149 1299 1205; x_wconf 85' lang='lat' dir='ltr'><em>solum</em></span> <span class='ocrx_word' id='word_1_125' title='bbox 1338 1152 1480 1201; x_wconf 77' lang='lat' dir='ltr'><strong>multa,</strong></span> 
     </span>
     <span class='ocr_line' id='line_1_19' title="bbox 265 1204 1480 1264; baseline 0.002 -17"><span class='ocrx_word' id='word_1_126' title='bbox 265 1220 355 1262; x_wconf 71' lang='lat' dir='ltr'><strong>quse</strong></span> <span class='ocrx_word' id='word_1_127' title='bbox 390 1205 576 1261; x_wconf 71' lang='lat' dir='ltr'><strong>perverse</strong></span> <span class='ocrx_word' id='word_1_128' title='bbox 625 1204 886 1261; x_wconf 77' lang='lat' dir='ltr'><strong>legebantur,</strong></span> <span class='ocrx_word' id='word_1_129' title='bbox 937 1207 1169 1247; x_wconf 76' lang='lat' dir='ltr'><em>curavimus</em></span> <span class='ocrx_word' id='word_1_130' title='bbox 1205 1207 1480 1264; x_wconf 76' lang='lat' dir='ltr'><strong>restituenda.-</strong></span> 
     </span>
     <span class='ocr_line' id='line_1_20' title="bbox 257 1261 1479 1321; baseline 0.002 -17"><span class='ocrx_word' id='word_1_131' title='bbox 257 1262 337 1321; x_wconf 78' lang='lat' dir='ltr'><em>sea&#39;</em></span> <span class='ocrx_word' id='word_1_132' title='bbox 364 1269 493 1304; x_wconf 76' lang='lat' dir='ltr'><strong>totum</strong></span> <span class='ocrx_word' id='word_1_133' title='bbox 528 1262 650 1318; x_wconf 76' lang='lat' dir='ltr'><em>plaue</em></span> <span class='ocrx_word' id='word_1_134' title='bbox 679 1277 779 1317; x_wconf 78' lang='lat' dir='ltr'><strong>opus</strong></span> <span class='ocrx_word' id='word_1_135' title='bbox 819 1261 1007 1320; x_wconf 78' lang='lat' dir='ltr'><strong>olzffusum</strong></span> <span class='ocrx_word' id='word_1_136' title='bbox 1045 1270 1168 1304; x_wconf 74' lang='lat' dir='ltr'><em>antea</em></span> <span class='ocrx_word' id='word_1_137' title='bbox 1196 1265 1257 1306; x_wconf 79' lang='lat' dir='ltr'><strong>ita</strong></span> <span class='ocrx_word' id='word_1_138' title='bbox 1285 1265 1479 1321; x_wconf 81' lang='lat' dir='ltr'><strong>disposui-</strong></span> 
     </span>
     <span class='ocr_line' id='line_1_21' title="bbox 267 1318 1479 1377; baseline 0.002 -15"><span class='ocrx_word' id='word_1_139' title='bbox 267 1334 382 1362; x_wconf 82' lang='lat' dir='ltr'><strong>mus:</strong></span> <span class='ocrx_word' id='word_1_140' title='bbox 408 1327 454 1361; x_wconf 73' lang='lat' dir='ltr'><strong>ut</strong></span> <span class='ocrx_word' id='word_1_141' title='bbox 472 1318 675 1375; x_wconf 79' lang='lat' dir='ltr'><strong>summam</strong></span> <span class='ocrx_word' id='word_1_142' title='bbox 696 1320 811 1376; x_wconf 78' lang='lat' dir='ltr'><strong>poffit</strong></span> <span class='ocrx_word' id='word_1_143' title='bbox 839 1319 1065 1374; x_wconf 72' lang='lat' dir='ltr'><strong>legentibus</strong></span> <span class='ocrx_word' id='word_1_144' title='bbox 1082 1320 1383 1375; x_wconf 71' lang='lat' dir='ltr'><strong>jusunditatem</strong></span> <span class='ocrx_word' id='word_1_145' title='bbox 1415 1320 1479 1377; x_wconf 85' lang='lat' dir='ltr'><strong>af-</strong></span> 
     </span>
     <span class='ocr_line' id='line_1_22' title="bbox 257 1376 1479 1432; baseline 0.002 -14"><span class='ocrx_word' id='word_1_146' title='bbox 257 1378 391 1432; x_wconf 87' lang='lat' dir='ltr'><strong>ferre.</strong></span> <span class='ocrx_word' id='word_1_147' title='bbox 433 1377 507 1419; x_wconf 78' lang='lat' dir='ltr'><strong>huc</strong></span> <span class='ocrx_word' id='word_1_148' title='bbox 535 1376 638 1419; x_wconf 70' lang='lat' dir='ltr'><em>adde</em></span> <span class='ocrx_word' id='word_1_149' title='bbox 666 1376 774 1432; x_wconf 77' lang='lat' dir='ltr'><strong>quod</strong></span> <span class='ocrx_word' id='word_1_150' title='bbox 800 1378 843 1417; x_wconf 86' lang='lat' dir='ltr'><strong>in</strong></span> <span class='ocrx_word' id='word_1_151' title='bbox 872 1377 1091 1418; x_wconf 74' lang='lat' dir='ltr'><strong>Herculem</strong></span> <span class='ocrx_word' id='word_1_152' title='bbox 1121 1391 1281 1420; x_wconf 72' lang='lat' dir='ltr'><strong>carmen</strong></span> <span class='ocrx_word' id='word_1_153' title='bbox 1310 1393 1388 1420; x_wconf 84' lang='lat' dir='ltr'><strong>non</strong></span> <span class='ocrx_word' id='word_1_154' title='bbox 1416 1381 1479 1420; x_wconf 82' lang='lat' dir='ltr'><strong>iu·-</strong></span> 
     </span>
     <span class='ocr_line' id='line_1_23' title="bbox 268 1433 1479 1490; baseline 0 -13"><span class='ocrx_word' id='word_1_155' title='bbox 268 1435 456 1489; x_wconf 74' lang='lat' dir='ltr'><strong>elegans,</strong></span> <span class='ocrx_word' id='word_1_156' title='bbox 502 1433 552 1477; x_wconf 50' lang='grc' dir='ltr'><strong>ἃ)</strong></span> <span class='ocrx_word' id='word_1_157' title='bbox 591 1435 641 1476; x_wconf 89' lang='lat' dir='ltr'><strong>de</strong></span> <span class='ocrx_word' id='word_1_158' title='bbox 670 1433 824 1475; x_wconf 83' lang='lat' dir='ltr'><strong>Sirenis</strong></span> <span class='ocrx_word' id='word_1_159' title='bbox 865 1434 1119 1488; x_wconf 73' lang='lat' dir='ltr'><strong>epigramma</strong></span> <span class='ocrx_word' id='word_1_160' title='bbox 1156 1449 1229 1476; x_wconf 73' lang='lat' dir='ltr'><strong>nos</strong></span> <span class='ocrx_word' id='word_1_161' title='bbox 1260 1437 1389 1490; x_wconf 78' lang='lat' dir='ltr'><em>primi</em></span> <span class='ocrx_word' id='word_1_162' title='bbox 1427 1449 1479 1477; x_wconf 80' lang='lat' dir='ltr'><strong>ex</strong></span> 
     </span>
     <span class='ocr_line' id='line_1_24' title="bbox 255 1490 1478 1548; baseline 0.002 -16"><span class='ocrx_word' id='word_1_163' title='bbox 255 1491 501 1547; x_wconf 77' lang='lat' dir='ltr'><strong>fragmento</strong></span> <span class='ocrx_word' id='word_1_164' title='bbox 542 1490 718 1546; x_wconf 74' lang='lat' dir='ltr'><strong>quodam</strong></span> <span class='ocrx_word' id='word_1_165' title='bbox 753 1491 1000 1547; x_wconf 66' lang='lat' dir='ltr'><strong>vetzfiiffimo</strong></span> <span class='ocrx_word' id='word_1_166' title='bbox 1037 1492 1078 1531; x_wconf 80' lang='lat' dir='ltr'><strong>in</strong></span> <span class='ocrx_word' id='word_1_167' title='bbox 1107 1492 1279 1534; x_wconf 76' lang='lat' dir='ltr'><strong>medium</strong></span> <span class='ocrx_word' id='word_1_168' title='bbox 1301 1494 1478 1548; x_wconf 77' lang='lat' dir='ltr'><strong>protuli·-</strong></span> 
     </span>
     <span class='ocr_line' id='line_1_25' title="bbox 263 1547 1477 1603; baseline 0.002 -14"><span class='ocrx_word' id='word_1_169' title='bbox 263 1563 376 1598; x_wconf 78' lang='lat' dir='ltr'><strong>mus,</strong></span> <span class='ocrx_word' id='word_1_170' title='bbox 414 1562 482 1589; x_wconf 85' lang='lat' dir='ltr'><strong>uec</strong></span> <span class='ocrx_word' id='word_1_171' title='bbox 519 1554 652 1590; x_wconf 76' lang='lat' dir='ltr'><strong>tamen</strong></span> <span class='ocrx_word' id='word_1_172' title='bbox 679 1561 897 1603; x_wconf 76' lang='lat' dir='ltr'><strong>negamus,</strong></span> <span class='ocrx_word' id='word_1_173' title='bbox 927 1547 1009 1588; x_wconf 75' lang='lat' dir='ltr'><strong>lzoec</strong></span> <span class='ocrx_word' id='word_1_174' title='bbox 1038 1550 1175 1591; x_wconf 79' lang='lat' dir='ltr'><strong>omnia</strong></span> <span class='ocrx_word' id='word_1_175' title='bbox 1203 1550 1372 1592; x_wconf 79' lang='lat' dir='ltr'><em>meliora</em></span> <span class='ocrx_word' id='word_1_176' title='bbox 1397 1564 1477 1592; x_wconf 85' lang='lat' dir='ltr'><strong>me-</strong></span> 
     </span>
     <span class='ocr_line' id='line_1_26' title="bbox 265 1603 1021 1662; baseline -0.001 -15"><span class='ocrx_word' id='word_1_177' title='bbox 265 1605 436 1647; x_wconf 78' lang='lat' dir='ltr'><strong>lioribus</strong></span> <span class='ocrx_word' id='word_1_178' title='bbox 466 1604 761 1660; x_wconf 71' lang='lat' dir='ltr'><em>exemplaribus</em></span> <span class='ocrx_word' id='word_1_179' title='bbox 789 1605 883 1662; x_wconf 70' lang='lat' dir='ltr'><em>effici</em></span> <span class='ocrx_word' id='word_1_180' title='bbox 908 1603 1021 1660; x_wconf 75' lang='lat' dir='ltr'><strong>poffe.</strong></span> 
     </span>
    </p>

    <p class='ocr_par' dir='ltr' id='par_1_5' title="bbox 227 1670 1475 1899">
     <span class='ocr_line' id='line_1_27' title="bbox 227 1670 1475 1718; baseline -0.001 -2"><span class='ocrx_word' id='word_1_181' title='bbox 227 1671 489 1716; x_wconf 80' lang='lat' dir='ltr'><strong>Geminatam</strong></span> <span class='ocrx_word' id='word_1_182' title='bbox 513 1673 609 1714; x_wconf 85' lang='lat' dir='ltr'><strong>Aldi</strong></span> <span class='ocrx_word' id='word_1_183' title='bbox 639 1673 812 1714; x_wconf 81' lang='lat' dir='ltr'><strong>Manutii</strong></span> <span class='ocrx_word' id='word_1_184' title='bbox 840 1672 1064 1712; x_wconf 79' lang='lat' dir='ltr'><strong>editionem</strong></span> <span class='ocrx_word' id='word_1_185' title='bbox 1091 1670 1232 1715; x_wconf 84' lang='lat' dir='ltr'><strong>habuit</strong></span> <span class='ocrx_word' id='word_1_186' title='bbox 1262 1674 1397 1716; x_wconf 82' lang='lat' dir='ltr'><strong>Heius.</strong></span> <span class='ocrx_word' id='word_1_187' title='bbox 1419 1672 1475 1718; x_wconf 84' lang='lat' dir='ltr'><strong>V.</strong></span> 
     </span>
     <span class='ocr_line' id='line_1_28' title="bbox 261 1728 1474 1786; baseline 0.002 -15"><span class='ocrx_word' id='word_1_188' title='bbox 261 1729 420 1786; x_wconf 69' lang='lat' dir='ltr'><strong>praefat.</strong></span> <span class='ocrx_word' id='word_1_189' title='bbox 441 1729 504 1770; x_wconf 87' lang='lat' dir='ltr'><strong>ed.</strong></span> <span class='ocrx_word' id='word_1_190' title='bbox 523 1728 624 1784; x_wconf 91' lang='lat' dir='ltr'><strong>post.</strong></span> <span class='ocrx_word' id='word_1_191' title='bbox 643 1729 664 1752; x_wconf 69' lang='lat'><strong>’⁶‘</strong></span> <span class='ocrx_word' id='word_1_192' title='bbox 685 1743 717 1779; x_wconf 79' lang='grc' dir='ltr'><strong>ς,</strong></span> <span class='ocrx_word' id='word_1_193' title='bbox 738 1729 775 1770; x_wconf 92' lang='lat' dir='ltr'><strong>b.</strong></span> <span class='ocrx_word' id='word_1_194' title='bbox 837 1728 902 1771; x_wconf 81' lang='lat' dir='ltr'><strong>Ex</strong></span> <span class='ocrx_word' id='word_1_195' title='bbox 933 1743 1005 1776; x_wconf 88' lang='lat' dir='ltr'><strong>eo,</strong></span> <span class='ocrx_word' id='word_1_196' title='bbox 1036 1729 1146 1782; x_wconf 86' lang='lat' dir='ltr'><strong>quod</strong></span> <span class='ocrx_word' id='word_1_197' title='bbox 1175 1743 1198 1770; x_wconf 91' lang='lat' dir='ltr'>a</span> <span class='ocrx_word' id='word_1_198' title='bbox 1226 1730 1265 1772; x_wconf 88' lang='lat' dir='ltr'><strong>se</strong></span> <span class='ocrx_word' id='word_1_199' title='bbox 1295 1734 1474 1786; x_wconf 85' lang='lat' dir='ltr'><strong>primum</strong></span> 
     </span>
     <span class='ocr_line' id='line_1_29' title="bbox 259 1785 1472 1844; baseline 0.001 -16"><span class='ocrx_word' id='word_1_200' title='bbox 259 1788 466 1843; x_wconf 85' lang='lat' dir='ltr'><strong>prolatum</strong></span> <span class='ocrx_word' id='word_1_201' title='bbox 496 1788 554 1828; x_wconf 86' lang='lat' dir='ltr'><strong>ait</strong></span> <span class='ocrx_word' id='word_1_202' title='bbox 575 1788 826 1842; x_wconf 82' lang='lat' dir='ltr'><strong>epigramma</strong></span> <span class='ocrx_word' id='word_1_203' title='bbox 853 1786 903 1827; x_wconf 89' lang='lat' dir='ltr'><strong>de</strong></span> <span class='ocrx_word' id='word_1_204' title='bbox 927 1785 1158 1834; x_wconf 88' lang='lat' dir='ltr'><strong>Sireuibus,</strong></span> <span class='ocrx_word' id='word_1_205' title='bbox 1186 1789 1364 1844; x_wconf 88' lang='lat' dir='ltr'><strong>colligo,</strong></span> <span class='ocrx_word' id='word_1_206' title='bbox 1393 1801 1472 1830; x_wconf 89' lang='lat' dir='ltr'><strong>nec</strong></span> 
     </span>
     <span class='ocr_line' id='line_1_30' title="bbox 259 1842 1077 1899; baseline -0.005 -12"><span class='ocrx_word' id='word_1_207' title='bbox 259 1844 335 1899; x_wconf 84' lang='lat' dir='ltr'><strong>ipfi</strong></span> <span class='ocrx_word' id='word_1_208' title='bbox 355 1845 484 1885; x_wconf 84' lang='lat' dir='ltr'><strong>visum</strong></span> <span class='ocrx_word' id='word_1_209' title='bbox 509 1842 588 1884; x_wconf 82' lang='lat' dir='ltr'><strong>effe</strong></span> <span class='ocrx_word' id='word_1_210' title='bbox 611 1843 811 1886; x_wconf 85' lang='lat' dir='ltr'><strong>Camertis</strong></span> <span class='ocrx_word' id='word_1_211' title='bbox 829 1843 1077 1898; x_wconf 79' lang='lat' dir='ltr'><strong>exemplum.</strong></span> 
     </span>
    </p>
   </div>
   <div class='ocr_carea' id='block_1_4' title="bbox 92 1917 1474 2659">
    <p class='ocr_par' dir='ltr' id='par_1_6' title="bbox 92 1917 1474 2253">
     <span class='ocr_line' id='line_1_31' title="bbox 92 1917 1474 1975; baseline -0.004 -12"><span class='ocrx_word' id='word_1_212' title='bbox 92 1935 190 1975; x_wconf 78' lang='lat'>1334·</span> <span class='ocrx_word' id='word_1_213' title='bbox 220 1929 253 1965; x_wconf 84' lang='lat'><strong>8.</strong></span> <span class='ocrx_word' id='word_1_214' title='bbox 315 1918 494 1962; x_wconf 77' lang='lat' dir='ltr'><strong>Bafileae.</strong></span> <span class='ocrx_word' id='word_1_215' title='bbox 551 1919 611 1962; x_wconf 91' lang='lat' dir='ltr'><strong>Cl.</strong></span> <span class='ocrx_word' id='word_1_216' title='bbox 631 1919 842 1962; x_wconf 84' lang='lat' dir='ltr'><strong>Claudiani</strong></span> <span class='ocrx_word' id='word_1_217' title='bbox 873 1924 1009 1974; x_wconf 80' lang='lat' dir='ltr'><strong>po&#39;e&#39;tae</strong></span> <span class='ocrx_word' id='word_1_218' title='bbox 1040 1917 1298 1960; x_wconf 84' lang='lat' dir='ltr'><strong>celeberrimi</strong></span> <span class='ocrx_word' id='word_1_219' title='bbox 1324 1919 1474 1967; x_wconf 81' lang='lat' dir='ltr'><strong>omnia,</strong></span> 
     </span>
     <span class='ocr_line' id='line_1_32' title="bbox 232 1975 1473 2033; baseline -0.002 -14"><span class='ocrx_word' id='word_1_220' title='bbox 232 1991 297 2019; x_wconf 82' lang='lat' dir='ltr'><strong>uae</strong></span> <span class='ocrx_word' id='word_1_221' title='bbox 319 1979 483 2033; x_wconf 82' lang='lat' dir='ltr'><strong>quidem</strong></span> <span class='ocrx_word' id='word_1_222' title='bbox 511 1977 691 2025; x_wconf 79' lang='lat' dir='ltr'><strong>exstant,</strong></span> <span class='ocrx_word' id='word_1_223' title='bbox 721 1990 846 2031; x_wconf 78' lang='lat' dir='ltr'><strong>opera</strong></span> <span class='ocrx_word' id='word_1_224' title='bbox 879 1976 928 2017; x_wconf 82' lang='lat' dir='ltr'><strong>ad</strong></span> <span class='ocrx_word' id='word_1_225' title='bbox 957 1983 1144 2017; x_wconf 83' lang='lat' dir='ltr'><strong>veterum</strong></span> <span class='ocrx_word' id='word_1_226' title='bbox 1174 1975 1473 2030; x_wconf 83' lang='lat' dir='ltr'><strong>exemplarium</strong></span> 
     </span>
     <span class='ocr_line' id='line_1_33' title="bbox 204 1993 1471 2090; baseline -0.003 -14"><span class='ocrx_word' id='word_1_227' title='bbox 204 1993 330 2077; x_wconf 45' lang='lat' dir='ltr'><strong>Zdem</strong></span> <span class='ocrx_word' id='word_1_228' title='bbox 351 2047 471 2090; x_wconf 80' lang='lat' dir='ltr'><strong>quam</strong></span> <span class='ocrx_word' id='word_1_229' title='bbox 493 2033 584 2075; x_wconf 88' lang='lat' dir='ltr'><strong>fieri</strong></span> <span class='ocrx_word' id='word_1_230' title='bbox 604 2035 741 2089; x_wconf 79' lang='lat' dir='ltr'><strong>potuit</strong></span> <span class='ocrx_word' id='word_1_231' title='bbox 760 2031 1077 2075; x_wconf 78' lang='lat' dir='ltr'><strong>emendatissime</strong></span> <span class='ocrx_word' id='word_1_232' title='bbox 1097 2033 1241 2075; x_wconf 85' lang='lat' dir='ltr'><strong>excusa</strong></span> <span class='ocrx_word' id='word_1_233' title='bbox 1255 2062 1265 2080; x_wconf 89' lang='lat'>,</span> <span class='ocrx_word' id='word_1_234' title='bbox 1295 2031 1471 2073; x_wconf 77' lang='lat' dir='ltr'><strong>versibus</strong></span> 
     </span>
     <span class='ocr_line' id='line_1_34' title="bbox 205 2088 1473 2146; baseline -0.003 -13"><span class='ocrx_word' id='word_1_235' title='bbox 205 2094 332 2134; x_wconf 87' lang='lat' dir='ltr'><strong>etiam</strong></span> <span class='ocrx_word' id='word_1_236' title='bbox 360 2093 539 2146; x_wconf 82' lang='lat' dir='ltr'><strong>aliquot,</strong></span> <span class='ocrx_word' id='word_1_237' title='bbox 568 2091 792 2132; x_wconf 86' lang='lat' dir='ltr'><strong>eorundem</strong></span> <span class='ocrx_word' id='word_1_238' title='bbox 824 2088 1049 2138; x_wconf 78' lang='lat' dir='ltr'><strong>beneficio,</strong></span> <span class='ocrx_word' id='word_1_239' title='bbox 1087 2092 1204 2145; x_wconf 88' lang='lat' dir='ltr'><strong>super</strong></span> <span class='ocrx_word' id='word_1_240' title='bbox 1232 2103 1374 2130; x_wconf 83' lang='lat' dir='ltr'><strong>omnes</strong></span> <span class='ocrx_word' id='word_1_241' title='bbox 1404 2089 1473 2130; x_wconf 88' lang='lat' dir='ltr'><strong>ha-</strong></span> 
     </span>
     <span class='ocr_line' id='line_1_35' title="bbox 205 2147 1472 2204; baseline -0.002 -13"><span class='ocrx_word' id='word_1_242' title='bbox 205 2149 351 2191; x_wconf 69' lang='lat' dir='ltr'><strong>&amp;enus</strong></span> <span class='ocrx_word' id='word_1_243' title='bbox 385 2150 586 2190; x_wconf 87' lang='lat' dir='ltr'><strong>editiones</strong></span> <span class='ocrx_word' id='word_1_244' title='bbox 617 2147 777 2204; x_wconf 82' lang='lat' dir='ltr'><strong>sparfim</strong></span> <span class='ocrx_word' id='word_1_245' title='bbox 811 2148 1072 2203; x_wconf 84' lang='lat' dir='ltr'><strong>locupletata.</strong></span> <span class='ocrx_word' id='word_1_246' title='bbox 1139 2147 1273 2188; x_wconf 84' lang='lat' dir='ltr'><strong>Palma</strong></span> <span class='ocrx_word' id='word_1_247' title='bbox 1301 2147 1472 2188; x_wconf 83' lang='lat' dir='ltr'><strong>Bebelii.</strong></span> 
     </span>
     <span class='ocr_line' id='line_1_36' title="bbox 203 2205 494 2253; baseline 0 -7"><span class='ocrx_word' id='word_1_248' title='bbox 203 2205 372 2250; x_wconf 81' lang='lat' dir='ltr'><strong>Bafileae</strong></span> <span class='ocrx_word' id='word_1_249' title='bbox 398 2219 494 2253; x_wconf 60' lang='lat'><strong>¹434·</strong></span> 
     </span>
    </p>

    <p class='ocr_par' dir='ltr' id='par_1_7' title="bbox 233 2258 1469 2659">
     <span class='ocr_line' id='line_1_37' title="bbox 233 2258 1469 2319; baseline -0.002 -15"><span class='ocrx_word' id='word_1_250' title='bbox 233 2263 385 2319; x_wconf 84' lang='lat' dir='ltr'><strong>Operae</strong></span> <span class='ocrx_word' id='word_1_251' title='bbox 409 2263 585 2317; x_wconf 81' lang='lat' dir='ltr'><strong>pretium</strong></span> <span class='ocrx_word' id='word_1_252' title='bbox 607 2261 664 2302; x_wconf 88' lang='lat' dir='ltr'><strong>est</strong></span> <span class='ocrx_word' id='word_1_253' title='bbox 683 2262 732 2302; x_wconf 88' lang='lat' dir='ltr'><strong>de</strong></span> <span class='ocrx_word' id='word_1_254' title='bbox 753 2259 994 2317; x_wconf 63' lang='lat' dir='ltr'><strong>praefatione</strong></span> <span class='ocrx_word' id='word_1_255' title='bbox 1016 2261 1107 2301; x_wconf 88' lang='lat' dir='ltr'><strong>libri</strong></span> <span class='ocrx_word' id='word_1_256' title='bbox 1138 2259 1180 2302; x_wconf 89' lang='lat'>&amp;</span> <span class='ocrx_word' id='word_1_257' title='bbox 1201 2258 1321 2316; x_wconf 76' lang='lat' dir='ltr'><strong>ipsius</strong></span> <span class='ocrx_word' id='word_1_258' title='bbox 1342 2261 1469 2301; x_wconf 86' lang='lat' dir='ltr'><strong>rario-</strong></span> 
     </span>
     <span class='ocr_line' id='line_1_38' title="bbox 263 2315 1469 2374; baseline -0.003 -13"><span class='ocrx_word' id='word_1_259' title='bbox 263 2321 321 2362; x_wconf 88' lang='lat' dir='ltr'><strong>ris</strong></span> <span class='ocrx_word' id='word_1_260' title='bbox 362 2320 546 2374; x_wconf 81' lang='lat' dir='ltr'><strong>quaedam</strong></span> <span class='ocrx_word' id='word_1_261' title='bbox 584 2320 664 2360; x_wconf 84' lang='lat' dir='ltr'><strong>huc</strong></span> <span class='ocrx_word' id='word_1_262' title='bbox 703 2318 935 2360; x_wconf 79' lang='lat' dir='ltr'><strong>transferre.</strong></span> <span class='ocrx_word' id='word_1_263' title='bbox 1007 2317 1176 2365; x_wconf 85' lang='lat' dir='ltr'><strong>„Carolo</strong></span> <span class='ocrx_word' id='word_1_264' title='bbox 1217 2315 1469 2365; x_wconf 74' lang='lat' dir='ltr'><strong>Utenhoveo,</strong></span> 
     </span>
     <span class='ocr_line' id='line_1_39' title="bbox 262 2374 1469 2428; baseline -0.003 -10"><span class='ocrx_word' id='word_1_265' title='bbox 262 2376 454 2427; x_wconf 81' lang='lat' dir='ltr'><strong>„Genere</strong></span> <span class='ocrx_word' id='word_1_266' title='bbox 485 2376 527 2418; x_wconf 67' lang='grc' dir='ltr'>ἃ</span> <span class='ocrx_word' id='word_1_267' title='bbox 560 2377 711 2416; x_wconf 80' lang='lat' dir='ltr'><strong>virtute</strong></span> <span class='ocrx_word' id='word_1_268' title='bbox 743 2390 839 2416; x_wconf 84' lang='lat' dir='ltr'><strong>vere</strong></span> <span class='ocrx_word' id='word_1_269' title='bbox 861 2375 1009 2422; x_wconf 84' lang='lat' dir='ltr'><strong>nobili,</strong></span> <span class='ocrx_word' id='word_1_270' title='bbox 1035 2376 1210 2415; x_wconf 82' lang='lat' dir='ltr'><strong>Michael</strong></span> <span class='ocrx_word' id='word_1_271' title='bbox 1229 2374 1469 2428; x_wconf 78' lang='lat' dir='ltr'><strong>Ifingrinius</strong></span> 
     </span>
     <span class='ocr_line' id='line_1_40' title="bbox 261 2431 1467 2486; baseline -0.002 -11"><span class='ocrx_word' id='word_1_272' title='bbox 261 2432 327 2484; x_wconf 87' lang='lat' dir='ltr'><strong>„S.</strong></span> <span class='ocrx_word' id='word_1_273' title='bbox 349 2434 400 2475; x_wconf 94' lang='lat' dir='ltr'><strong>D.</strong></span> <span class='ocrx_word' id='word_1_274' title='bbox 432 2459 492 2466; x_wconf 79' lang='lat'><strong>---</strong></span> <span class='ocrx_word' id='word_1_275' title='bbox 530 2432 599 2475; x_wconf 84' lang='lat' dir='ltr'><strong>Est</strong></span> <span class='ocrx_word' id='word_1_276' title='bbox 619 2433 661 2473; x_wconf 65' lang='grc' dir='ltr'><strong>δε</strong></span> <span class='ocrx_word' id='word_1_277' title='bbox 683 2434 761 2472; x_wconf 83' lang='lat' dir='ltr'><strong>alia</strong></span> <span class='ocrx_word' id='word_1_278' title='bbox 785 2432 908 2486; x_wconf 84' lang='lat' dir='ltr'><strong>hujus</strong></span> <span class='ocrx_word' id='word_1_279' title='bbox 937 2431 1120 2485; x_wconf 69' lang='lat' dir='ltr'><strong>(poe&#39;tae)</strong></span> <span class='ocrx_word' id='word_1_280' title='bbox 1152 2433 1225 2472; x_wconf 88' lang='lat' dir='ltr'><strong>tibi</strong></span> <span class='ocrx_word' id='word_1_281' title='bbox 1255 2432 1467 2473; x_wconf 89' lang='lat' dir='ltr'><strong>dedicandi</strong></span> 
     </span>
     <span class='ocr_line' id='line_1_41' title="bbox 262 2489 1468 2545; baseline -0.003 -13"><span class='ocrx_word' id='word_1_282' title='bbox 262 2492 393 2540; x_wconf 87' lang='lat' dir='ltr'><strong>„ratio</strong></span> <span class='ocrx_word' id='word_1_283' title='bbox 408 2519 419 2538; x_wconf 94' lang='lat'><em>‚</em></span> <span class='ocrx_word' id='word_1_284' title='bbox 440 2489 650 2545; x_wconf 71' lang='lat' dir='ltr'><strong>singularis</strong></span> <span class='ocrx_word' id='word_1_285' title='bbox 671 2491 739 2530; x_wconf 84' lang='lat' dir='ltr'><strong>illa</strong></span> <span class='ocrx_word' id='word_1_286' title='bbox 759 2490 965 2537; x_wconf 76' lang='lat' dir='ltr'><strong>amicitiae,</strong></span> <span class='ocrx_word' id='word_1_287' title='bbox 995 2491 1303 2544; x_wconf 84' lang='lat' dir='ltr'><strong>communisque</strong></span> <span class='ocrx_word' id='word_1_288' title='bbox 1324 2489 1468 2542; x_wconf 76' lang='lat' dir='ltr'><strong>patriae</strong></span> 
     </span>
     <span class='ocr_line' id='line_1_42' title="bbox 259 2543 1468 2601; baseline -0.002 -12"><span class='ocrx_word' id='word_1_289' title='bbox 259 2547 558 2598; x_wconf 82' lang='lat' dir='ltr'><strong>‚,neeeffitudo‚</strong></span> <span class='ocrx_word' id='word_1_290' title='bbox 589 2560 680 2601; x_wconf 75' lang='lat' dir='ltr'><strong>quae</strong></span> <span class='ocrx_word' id='word_1_291' title='bbox 709 2547 782 2587; x_wconf 84' lang='lat' dir='ltr'><strong>tibi</strong></span> <span class='ocrx_word' id='word_1_292' title='bbox 806 2560 900 2587; x_wconf 88' lang='lat' dir='ltr'><strong>cum</strong></span> <span class='ocrx_word' id='word_1_293' title='bbox 919 2560 968 2586; x_wconf 84' lang='lat' dir='ltr'><strong>eo</strong></span> <span class='ocrx_word' id='word_1_294' title='bbox 992 2544 1234 2593; x_wconf 73' lang='lat' dir='ltr'><strong>intercessit,</strong></span> <span class='ocrx_word' id='word_1_295' title='bbox 1264 2547 1333 2601; x_wconf 83' lang='lat' dir='ltr'><strong>qui</strong></span> <span class='ocrx_word' id='word_1_296' title='bbox 1362 2543 1468 2588; x_wconf 75' lang='lat' dir='ltr'><strong>mihi</strong></span> 
     </span>
     <span class='ocr_line' id='line_1_43' title="bbox 259 2602 1468 2659; baseline -0.002 -14"><span class='ocrx_word' id='word_1_297' title='bbox 259 2606 406 2655; x_wconf 78' lang='lat' dir='ltr'><strong>„hujus</strong></span> <span class='ocrx_word' id='word_1_298' title='bbox 427 2610 561 2659; x_wconf 69' lang='lat' dir='ltr'><strong>poetae</strong></span> <span class='ocrx_word' id='word_1_299' title='bbox 584 2604 923 2645; x_wconf 67' lang='lat' dir='ltr'><strong>maculationem</strong></span> <span class='ocrx_word' id='word_1_300' title='bbox 952 2604 1128 2643; x_wconf 81' lang='lat' dir='ltr'><strong>animam</strong></span> <span class='ocrx_word' id='word_1_301' title='bbox 1157 2616 1307 2658; x_wconf 80' lang='lat' dir='ltr'><strong>agens,</strong></span> <span class='ocrx_word' id='word_1_302' title='bbox 1336 2602 1468 2643; x_wconf 86' lang='lat' dir='ltr'><strong>veluti</strong></span> 
     </span>
    </p>
   </div>
   <div class='ocr_carea' id='block_1_5' title="bbox 260 2659 1470 2764">
    <p class='ocr_par' dir='ltr' id='par_1_8' title="bbox 260 2659 1470 2764">
     <span class='ocr_line' id='line_1_44' title="bbox 260 2659 1467 2717; baseline -0.003 -15"><span class='ocrx_word' id='word_1_303' title='bbox 260 2663 440 2710; x_wconf 76' lang='lat' dir='ltr'><strong>„amoris</strong></span> <span class='ocrx_word' id='word_1_304' title='bbox 469 2660 682 2717; x_wconf 76' lang='lat' dir='ltr'><strong>singularis</strong></span> <span class='ocrx_word' id='word_1_305' title='bbox 702 2661 966 2715; x_wconf 69' lang='lat' dir='ltr'><strong>symbolum,</strong></span> <span class='ocrx_word' id='word_1_306' title='bbox 1010 2659 1251 2702; x_wconf 79' lang='lat' dir='ltr'><strong>testamento</strong></span> <span class='ocrx_word' id='word_1_307' title='bbox 1288 2674 1336 2702; x_wconf 83' lang='lat' dir='ltr'><strong>ea</strong></span> <span class='ocrx_word' id='word_1_308' title='bbox 1371 2660 1467 2713; x_wconf 85' lang='lat' dir='ltr'><strong>lege</strong></span> 
     </span>
     <span class='ocr_line' id='line_1_45' title="bbox 1329 2729 1470 2764; baseline 0.007 -7"><span class='ocrx_word' id='word_1_309' title='bbox 1329 2729 1470 2764; x_wconf 79' lang='lat' dir='ltr'><strong>„man-</strong></span> 
     </span>
    </p>
   </div>
  </div>
 </body>
</html>
