1612 2948
455 125 536 168 IN
601 92 1209 167 CLAUDIANUM'
1386 123 1492 165 xm

114 225 387 269 servationem
410 224 460 264 de
483 222 705 264 Claudiano
730 222 905 264 nostram
935 220 1206 270 confirment3
1236 221 1304 262 sed
1332 221 1371 261 in
1400 222 1494 262 uni-

112 283 274 326 versum
294 280 559 324 tractantibus
583 286 726 334 poetas
762 280 886 322 utiles
916 279 994 321 ess'e
1016 277 1175 334 posfint.
1207 279 1248 320 C.
1273 292 1306 326 3,
1330 287 1397 318 20¹
1437 284 1490 319 le-

113 340 260 396 tiferos
288 352 410 380 nemo
438 338 556 378 sanus
589 339 762 378 mutavit
793 339 835 378 in
865 337 1072 394 pcssfferos
1101 336 1144 378 &
1177 344 1346 382 contra,
1382 337 1492 390 quod

115 397 308 440 vitiosum
330 402 493 452 putaret
520 395 708 435 alterum.
794 394 912 436 Talia
940 395 1029 436 sunt
1059 407 1102 444 ς,
1125 406 1190 445 117
1220 394 1278 434 Et
1306 395 1494 448 qnmm‘is

109 465 287 512 prcesens
314 459 471 500 tumor,
500 466 574 507 pro
605 466 686 507 quo
720 452 824 493 alius
854 453 913 493 Et
937 451 1125 505 petulans
1154 452 1302 492 animis
1333 456 1494 496 tumor,-

115 511 161 554 &
192 525 234 561 5,
263 515 328 550 261
363 511 586 551 deimur
611 535 670 541 ---
695 509 882 564 spernis,
919 509 962 550 δέ
995 508 1218 549 prodimur
1244 533 1301 539 --
1332 508 1495 553 trmii5;

116 568 161 611 &
179 585 212 616 ς,
230 581 308 620 479
339 566 397 609 ad
423 567 577 621 rigidi,
606 566 648 608 &
678 565 734 607 aci
760 567 869 607 mala
899 580 1020 616 mox,
1049 566 1090 608 ἀ
1115 580 1206 622 quae
1239 566 1315 606 alia
1347 566 1402 606 ibi
1435 565 1493 606 est

118 626 306 669 varietas.
362 626 511 675 Niolos,
540 630 672 670 natos,
697 624 828 677 pullos
847 627 883 667 6,
905 635 922 669 ς
953 637 1035 663 non
1059 625 1219 678 peperit
1238 623 1398 676 stupor,
1427 623 1495 663 sed

116 683 302 724 variandi
321 681 512 724 studium.
571 682 724 722 Eadem
746 681 850 720 ratio
871 692 909 729 7,
931 688 973 724 82
1002 681 1071 720 ubi
1104 680 1184 735 cassi
1213 686 1335 733 terga
1355 679 1495 734 absor-

117 740 208 782 bere
237 738 280 781 &
310 740 389 796 celsi
419 738 515 780 tabo
534 737 703 793 sordere
719 737 887 791 juvenci
908 750 1042 791 neque
1064 740 1170 778 auris
1193 751 1326 792 neque
1349 738 1496 778 oculus

115 798 306 839 aberrans
328 797 578 839 confundere
601 795 748 849 potuit.
804 794 857 835 Et
880 802 911 840 8,
932 807 992 842 591
1022 793 1090 834 ubi
1111 796 1251 849 plures
1274 795 1497 850 descripto-

117 868 210 897 rum
239 853 495 909 conjecturas
528 853 777 893 notavimus.
836 848 979 893 Civile&
1007 864 1116 892 neces
1145 851 1188 893 &
1217 852 1394 894 Imhelles
1424 866 1496 892 uo-

117 918 186 953 tas
219 924 275 960 ις,
298 925 370 960 430
403 924 486 952 non
513 911 652 951 deberi
677 907 853 950 indoffis
882 909 1081 957 librariis,
1116 918 1296 963 apparet.
1383 910 1498 950 Inter

117 970 286 1012 nomina
305 967 500 1010 Sardiniae
524 981 621 1008 vera
652 965 771 1008 doffte
801 964 1000 1007 fluctuant
1028 966 1121 1007 libri
1146 980 1195 1013 ις,
1217 975 1295 1013 308.
1381 968 1496 1008 Inter

117 1026 273 1081 Lageis
301 1026 344 1069 ὅ(
374 1025 532 1066 Pellaeis
565 1033 624 1073 18,
647 1032 726 1073 483.
787 1024 894 1064 lllud
923 1024 1067 1077 accipit
1096 1023 1139 1065 δε
1166 1023 1336 1078 adspicit
1364 1027 1498 1079 magi-

107 1084 289 1142 stratum
310 1092 360 1131 18,
381 1089 453 1132 486
483 1082 613 1137 potest
633 1083 681 1122 ab
708 1095 847 1122 errore
871 1080 962 1128 esse,
995 1082 1060 1122 sed
1089 1095 1165 1121 nec
1190 1096 1212 1121 a
1237 1081 1405 1122 consilio
1426 1084 1497 1123 ab«

119 1142 275 1183 horret.
334 1141 528 1182 Exundet
549 1153 610 1187 20,
635 1147 670 1181 18
699 1139 756 1180 est
776 1138 978 1179 cormesio
996 1139 1041 1175 τέ
1061 1137 1231 1193 Azjrstczt
1252 1140 1318 1179 vel
1341 1148 1496 1180 contra.

117 1200 339 1245 Laterum,
368 1198 566 1245 lacerum,
605 1196 771 1238 Latium
802 1196 978 1236 diversas
1012 1196 1234 1237 relationes
1272 1197 1424 1238 habent
1443 1211 1499 1244 21,

119 1264 205 1300 282·
292 1254 410 1295 Talia
438 1254 553 1301 sunt,
588 1254 628 1294 h.
658 1267 694 1293 e.
726 1255 1058 1299 emendationes,
1090 1254 1336 1300 certamina,
1367 1256 1501 1295 varia-

117 1314 256 1355 tiones
274 1324 332 1359 22,
357 1323 419 1361 ¹³7
443 1309 559 1360 &187
581 1310 704 1358 &33¹·
758 1310 1018 1352 Manifestum
1035 1311 1273 1364 exemplum
1295 1312 1500 1361 ibid.441:

120 1369 165 1412 &
188 1369 316 1414 illud,
346 1369 456 1424 quod
477 1379 538 1416 24,
559 1381 633 1422 347
667 1368 749 1408 duo
783 1368 923 1408 versus
956 1369 999 1407 in
1028 1380 1156 1408 umam
1178 1367 1398 1412 contraisti,
1430 1375 1500 1410 aut

117 1439 225 1468 unus
247 1426 436 1467 dilatatus
460 1425 502 1464 in
523 1425 638 1465 duos.
697 1425 735 1465 A
759 1423 1060 1466 correctoribus
1083 1424 1139 1466 est
1157 1426 1331 1466 varietas
1350 1431 1411 1472 26,
1425 1431 1501 1473 462.

120 1483 164 1526 &
184 1496 267 1531 342.
344 1481 563 1523 Certamen
590 1482 802 1537 poeticum
825 1489 880 1526 28,
901 1491 972 1528 428
995 1481 1037 1522 ἅ
1054 1495 1138 1531 431.
1221 1483 1426 1524 Notabilis
1456 1484 1501 1523 in

119 1542 227 1583 hanc
254 1553 341 1580 rem
362 1539 482 1580 locus
507 1553 568 1586 29,
590 1551 649 1586 193
671 1538 713 1580 &
735 1552 782 1584 31,
806 1547 869 1585 28,
900 1538 943 1579 &
966 1538 1133 1593 plurimi
1162 1537 1244 1578 fine
1269 1541 1394 1580 dubio
1416 1541 1500 1580 alii.

120 1597 247 1642 Volui
273 1597 384 1637 enim
402 1597 623 1651 specimina
642 1596 765 1636 modo
786 1595 882 1635 hinc
905 1597 999 1636 inde
1025 1604 1207 1643 enotare,
1225 1598 1346 1644 unde,
1377 1610 1503 1652 quan-

120 1662 211 1698 tum
230 1653 300 1696 fibi
321 1654 447 1695 licere
465 1653 733 1708 descriptores
756 1655 1004 1708 putaverint,
1029 1662 1150 1708 queat
1172 1655 1361 1709 intelligi.
1403 1654 1502 1695 Edi-

121 1720 234 1754 tores
261 1712 446 1767 plerique
478 1711 557 1752 hoc
587 1712 779 1752 videntur
809 1709 879 1751 fibi
901 1712 1004 1764 juris
1028 1710 1219 1758 sumfifl'e,
1250 1725 1334 1752 non
1365 1719 1410 1752 ut
1430 1711 1503 1752 uni

121 1770 246 1817 alicui
278 1769 606 1824 praecedentium
642 1768 940 1823 exemplarium
971 1768 1207 1823 simpliciter
1237 1767 1360 1809 fidem
1391 1768 1504 1809 suam

122 1829 379 1875 addicerent,
409 1827 476 1868 sed
497 1834 543 1867 ut
563 1826 634 1866 suo
654 1833 868 1867 uterentur
883 1826 1040 1879 judicio
1068 1827 1137 1866 alii
1163 1826 1248 1865 aliis
1281 1826 1503 1867 modestius

124 1885 383 1926 audaciusve.
443 1885 565 1926 Certe
586 1897 670 1924 non
692 1884 861 1923 memini
886 1897 952 1923 me
974 1884 1014 1922 in
1040 1883 1102 1923 his
1124 1883 1270 1938 quibus
1293 1884 1388 1924 usus
1417 1882 1505 1923 sum

123 1942 377 1983 editionibus
402 1942 501 1982 duas
526 1942 714 1981 invenire
741 1941 861 1995 plane
890 1938 961 1980 fibi
992 1954 1064 1994 pez·
1087 1941 1224 1982 onmia
1245 1940 1504 1981 consentien-

124 2006 213 2041 tes:
244 2001 381 2054 itaque
400 2013 476 2039 nec
496 1998 743 2039 constituere
767 1996 916 2044 sectas,
945 1996 1138 2038 claffesve
1160 1999 1300 2045 licuit,
1329 2012 1427 2045 nee,
1456 2004 1506 2038 ut

124 2071 235 2099 nunc
262 2070 328 2096 res
360 2055 437 2102 est,
465 2054 775 2098 auctoritati-bus
794 2055 978 2111 plurium
1002 2057 1294 2110 pauciorumve
1317 2056 1506 2098 codicum

123 2114 279 2171 aliquid
297 2115 533 2156 decernere.

209 2255 286 2298 IX.
320 2255 477 2299 Verum
489 2254 583 2302 feci,
603 2254 714 2309 quod
727 2254 849 2294 modo
865 2254 1072 2295 dicebam:
1101 2253 1261 2296 secutus
1282 2252 1506 2294 sumHein·

125 2312 275 2355 slanam
292 2313 543 2353 editionem:
571 2312 637 2352 sed
654 2313 708 2353 ita
727 2318 879 2359 tamen,
900 2319 947 2353 ut
959 2325 1036 2352 nec
1056 2312 1248 2366 religioni
1271 2312 1370 2352 mihi
1385 2313 1509 2351 ducem

126 2385 216 2412 rem
227 2371 356 2411 abina
377 2383 683 2424 nonnunquam,
713 2370 940 2410 revocanda
962 2369 1186 2423 praesertim
1212 2370 1341 2409 veteri
1363 2368 1506 2409 lectio-

125 2443 204 2476 ne,
233 2428 462 2474 discedere,
492 2427 610 2480 cujus
633 2428 693 2467 rei
716 2427 905 2481 exempla
930 2428 1113 2480 quaedam
1144 2426 1211 2466 hic
1232 2440 1361 2481 pon0‚
1390 2435 1436 2466 ut
1457 2440 1510 2465 eo

128 2486 293 2528 facilius
315 2484 357 2526 &
380 2486 562 2526 breviori
581 2485 697 2525 velut
718 2485 785 2525 via
805 2483 963 2539 possint,
995 2486 1063 2539 qui
1087 2484 1249 2531 volent,
1278 2484 1327 2523 de
1350 2484 1510 2523 ratione

128 2542 264 2585 nostra
279 2543 475 2597 judicare.
534 2541 730 2596 Inspiciat
760 2556 859 2596 ergo
874 2572 883 2588 ,
915 2542 983 2582 cui
1011 2543 1146 2595 placet
1169 2550 1201 2588 8,
1226 2552 1300 2591 270
1321 2540 1362 2581 ἃ
1380 2553 1452 2588 293
1468 2540 1511 2581 δε

127 2613 195 2649 3²9
226 2598 269 2641 &
289 2608 354 2647 438
382 2598 425 2640 &
448 2607 514 2646 481
545 2599 587 2640 &
607 2603 703 2649 486,
741 2600 918 2654 denique
951 2602 1020 2645 636
1050 2600 1120 2639 ubi
1147 2598 1308 2638 versum
1336 2597 1512 2652 reposui,

127 2655 318 2700 omiffum
337 2657 386 2698 ab
407 2655 586 2699 Heinfio.
673 2655 740 2698 Sic
771 2657 955 2711 superior
981 2663 1172 2697 revocata
1202 2654 1327 2697 1Εᾶἰο
1350 2668 1405 2703 ιε»,
1432 2668 1478 2702 49
1500 2667 1513 2695 :

1423 2712 1511 2751 ‘sed
