1612 2948
305 113 394 155 DE
431 109 614 156 CONS.
667 109 950 153 STILICH.
1004 109 1220 154 LIB.111

1322 127 1391 169 379

203 211 356 267 Lydia,
386 224 480 252 cum
510 210 675 251 domitis
697 210 882 264 apparuit
909 209 1037 251 Evius
1057 209 1203 250 Indis?

203 286 354 328 Nonne
385 285 522 332 vides,
552 282 594 325 &
614 283 734 338 plebe
755 280 865 330 vitis,
903 281 946 324 &
969 281 1077 324 tetta
1098 282 1226 324 latere

204 360 434 403 Man-ibus?
465 362 552 409 hic,
581 360 778 408 Stilicho,
808 358 967 402 cunetis
989 361 1158 415 inopina
1188 360 1342 404 reluxit

207 437 271 479 Te
292 436 449 478 viflzore
477 437 604 478 salus!
636 436 790 492 septem
809 436 1078 490 circumspice
1106 443 1285 486 montes,

206 512 290 562 Qui
312 509 419 551 Solis
440 511 572 551 radios
592 511 678 551 auri
695 510 858 564 fulgore
878 508 1085 558 lacessunt,

197 583 446 639 Indutosque
469 597 586 625 arcus
616 583 776 638 spoliis,
811 590 1051 638 aequataque
1080 583 1234 638 templa

208 661 421 709 Nubibus,
448 659 492 702 &
509 659 703 714 quidquid
722 660 825 700 tanti
847 659 1030 700 struxere
1059 660 1273 715 triumphi.

205 737 416 786 Quantum
443 735 671 790 profueris,
708 742 899 790 quantam
923 735 1147 776 servaveris
1168 736 1325 785 urbem,

94 818 146 861 70
206 808 409 849 Attonitis
440 811 590 850 metire
610 807 753 849 oculis.
784 796 875 849 haec
896 807 1032 849 fabula
1061 815 1173 849 certe

203 881 358 924 Cunfflz
386 881 544 930 forent,
585 880 614 922 fi
632 881 784 923 Poenus
807 882 938 924 adhuc
967 882 1224 925 incumberet
1249 886 1419 931 Austro.

252 958 342 999 Mos
373 964 460 1000 erat
492 959 536 1000 in
557 965 747 1001 veterum
773 957 932 1007 castris,
960 965 1007 1000 ut
1034 965 1220 1014 tempora
1240 975 1394 1017 quercu

1292 1058 1479 1108 velaret,

95 1201 139 1244 64
162 1213 183 1236 o
203 1200 345 1235 Stilicho
365 1202 456 1234 Vien.
478 1208 518 1234 ut
530 1202 604 1238 Ala.
625 1202 660 1238 θ’
677 1202 777 1236 MSS.
795 1212 871 1245 quos
893 1201 1023 1245 secutus
1041 1203 1157 1247 Heius.
1173 1201 1227 1237 his
1249 1204 1356 1238 Plant.
1376 1217 1480 1250 marg.

97 1264 155 1296 Sed
173 1261 227 1295 hic
253 1263 321 1295 Vic.
343 1264 446 1306 Junr.
468 1263 535 1305 Bas.
555 1264 665 1296 Plant.
693 1264 817 1297 elaver.
846 1263 972 1295 Rama.-
992 1266 1032 1297 V.
1056 1265 1103 1297 N.

224 1323 270 1366 69
293 1332 427 1368 quant-az
460 1323 542 1366 conj.
564 1324 682 1367 Heius.

1180 1263 1223 1305 67
1247 1263 1408 1300 inductos
1433 1267 1478 1300 al.

781 1331 818 1365 71
850 1322 990 1356 Rhenus
1008 1325 1098 1359 Vien.
1110 1326 1179 1369 Bafi
1192 1326 1253 1359 Sed
1271 1326 1346 1359 1³oe-

510 1392 575 1416 nus
589 1383 656 1426 jam
675 1386 709 1417 V
711 1384 749 1418 ic.
768 1383 802 1420 35
821 1382 913 1417 Vien.
924 1395 1027 1429 marg.

138 1510 181 1552 63
208 1512 326 1544 Latent
346 1511 435 1550 tec‘la,
459 1510 506 1544 ita
529 1509 671 1555 impleta
682 1509 760 1544 sunt

93 1554 299 1590 mulieribus
313 1583 321 1595 ,
344 1565 383 1588 ut
401 1555 489 1588 nihil
509 1566 627 1589 eorum
647 1556 759 1589 videri

95 1601 205 1646 poffit.
273 1601 385 1634 Etiam
424 1599 479 1634 hic
504 1601 661 1634 decorem
680 1601 761 1634 lic‘et

93 1645 290 1681 observare:
329 1644 425 1690 plebs
462 1646 582 1690 implet
611 1656 648 1678 ac
677 1646 763 1691 tegit

96 1693 188 1726 vias:
212 1701 335 1725 matres
349 1690 511 1725 modestia
532 1689 671 1734 publico
684 1702 765 1735 pro-

95 1736 213 1778 hibet3
252 1737 308 1770 sed
327 1748 393 1771 non
414 1735 591 1781 refiigiunt
615 1736 763 1781 conspici

97 1784 140 1817 de
170 1781 341 1822 fenestris,
367 1782 504 1826 podiis,
528 1781 623 1815 τεθείς
643 1782 739 1815 adeo.

144 1828 189 1871 64
223 1829 255 1861 Si
284 1839 353 1862 non
387 1838 456 1860 tam
484 1826 623 1860 testibus
653 1825 765 1868 libris,

96 1885 200 1918 quam
219 1873 350 1917 judicio
380 1872 517 1917 poetico
546 1883 596 1905 res
617 1872 766 1916 gerenda

77 1921 153 1960 ‚sit‚
178 1918 354 1964 praeferat‚
386 1917 500 1959 credo,
522 1917 590 1962 ipse
608 1917 766 1951 Heinsius

97 1965 278 1999 leilionem
310 1975 414 2007 quam
441 1964 583 2003 damus,
626 1965 697 2004 hic,
731 1963 766 1996 in

100 2011 162 2046 hac
182 2009 427 2055 populosissima
442 2036 451 2049 ‚
467 2007 698 2053 pulcherrima
710 2019 767 2041 ur-

101 2054 165 2095 be,
206 2057 303 2098 cujus
335 2053 535 2099 phantafian
580 2052 766 2088 lmstoribus

99 2102 236 2134 excitat.
277 2100 343 2133 Sed
371 2110 431 2132 nec
452 2098 550 2133 bonis
568 2098 767 2133 aridioribus

99 2146 238 2180 destitui
281 2145 367 2179 hanc
400 2143 581 2179 leE'tionem
597 2172 605 2185 ‚
658 2144 767 2178 osten-

100 2192 228 2226 dimus.

146 2238 193 2272 66
237 2239 329 2282 Ergo
348 2232 433 2269 ‘tum
458 2234 570 2269 adhuc
592 2245 715 2268 aurum
732 2235 766 2268 in

98 2284 214 2324 testis,
245 2282 392 2326 tegulis,
416 2281 546 2321 statuis,
571 2280 606 2314 δι
625 2280 767 2324 quidem

103 2340 173 2363 non
195 2339 266 2362 uno
285 2329 382 2366 loco,
413 2335 452 2359 ut
482 2326 517 2359 in
545 2326 648 2359 domo
666 2337 767 2359 aurea

101 2374 272 2415 Neronis,
311 2372 366 2406 sed
400 2371 477 2404 satis
514 2370 696 2415 frequens,
730 2372 767 2405 in

102 2418 264 2453 omnibus
291 2417 389 2452 urbis
416 2417 602 2451 montibus.
664 2415 766 2452 Conf.

101 2474 244 2506 mor<133
273 2464 308 2498 &
332 2469 445 2502 2852.

145 2510 187 2552 67
215 2513 316 2544 Arcus
335 2507 560 2552 triumphales
580 2506 706 2552 signat,
730 2516 769 2541 ut

103 2566 134 2597 3,
154 2566 216 2599 339
279 2555 428 2596 Vestitum
469 2554 581 2598 spoliis
621 2565 768 2597 quercum

103 2601 146 2634 de
175 2611 303 2644 tropaeo
326 2598 426 2633 dixit.

150 2646 194 2685 68
221 2648 367 2680 struxere
390 2644 546 2688 triumphi
568 2654 638 2678 non
668 2655 767 2678 arcus

103 2701 238 2726 tantum
253 2719 264 2734 ‚
296 2701 382 2737 quos
406 2691 508 2734 poeta
535 2689 638 2724 modo
657 2690 767 2725 nomi—

805 1510 922 1553 navit,
947 1521 1017 1545 non
1037 1512 1166 1557 templa
1193 1524 1235 1546 ex
1262 1520 1345 1546 voto
1364 1513 1480 1549 Visto—

806 1568 883 1590 rum
925 1556 1089 1598 condita,
1126 1556 1180 1590 sed
1218 1557 1392 1602 quidquid
1414 1570 1479 1604 pu-

806 1601 977 1635 blicarum
1015 1603 1302 1647 privatarumque
1338 1605 1477 1646 aedium,

807 1646 850 1679 de
871 1647 1014 1691 pecunia
1036 1647 1189 1681 vifi'toriis
1208 1657 1330 1692 capta,
1354 1649 1480 1694 &ege-

809 1691 856 1726 sta
875 1703 891 1724 e
906 1692 1117 1736 provinciis,
1143 1692 1349 1727 aedificatum
1373 1693 1429 1728 est.

852 1747 898 1780 70
923 1740 1040 1770 Metire
1068 1740 1182 1777 oculis,
1216 1738 1309 1783 quasi
1335 1739 1478 1781 mensor,

810 1782 955 1816 modum
985 1782 1161 1825 dicturus,
1201 1784 1236 1818 ἃ
1265 1785 1480 1829 magnitudi-

811 1839 890 1862 nem
915 1827 1015 1873 spatii
1044 1829 1080 1862 &
1106 1829 1210 1873 pretii
1243 1828 1481 1864 aestimaturus.

811 1876 981 1909 Attonitus
1000 1873 1057 1907 hic
1087 1883 1183 1908 tanto
1203 1875 1314 1919 magis
1333 1886 1479 1920 exagge-

811 1929 863 1952 rat
891 1918 1111 1960 sententiam,
1146 1919 1229 1964 quia
1249 1931 1317 1954 non
1346 1921 1388 1954 de
1407 1921 1479 1965 ple-

811 1963 897 2007 bejis
919 1964 1028 1998 oculis
1050 1963 1156 1998 sermo
1176 1963 1240 2006 est,
1263 1965 1318 2000 sed
1336 1965 1377 2001 de
1388 1965 1480 2000 sum-

813 2021 868 2043 mo
897 2009 994 2043 duce.
1039 2011 1157 2043 Fabula
1177 2012 1311 2053 forent,
1335 2012 1480 2047 materia

811 2055 977 2099 loquendi
1006 2055 1041 2088 δε
1071 2055 1256 2097 narrandi⁷
1298 2068 1373 2101 quae
1406 2068 1481 2090 non

813 2100 961 2144 amplius
981 2099 1159 2134 monstrari
1177 2100 1288 2145 digito
1307 2102 1417 2147 possit,
1439 2112 1479 2136 ut

803 2147 927 2188 fabulae
945 2148 1057 2179 Manes
1076 2145 1169 2190 apud
1190 2148 1374 2181 Horatium
1402 2149 1484 2182 Car.

813 2191 941 2234 1,4.16.
987 2191 1177 2225 Omniahic
1190 2192 1353 2236 pulchra:
1376 2194 1479 2227 etiam

811 2238 1007 2278 incumbere,
1036 2237 1130 2280 quod
1149 2237 1232 2271 alias
1253 2240 1397 2272 incubare
1425 2238 1480 2272 di-

812 2283 922 2324 citur,
962 2282 1004 2316 de
1035 2282 1187 2317 violento
1218 2292 1319 2327 atque
1352 2283 1479 2327 injusto

813 2327 992 2372 possessore
1020 2327 1169 2369 Africae,
1194 2329 1369 2370 Gildone,
1412 2330 1474 2374 qui

812 2375 973 2408 incubator
991 2372 1067 2408 stilo
1086 2376 1251 2408 ICtorum
1265 2374 1413 2411 dicatur.

856 2473 890 2506 71
923 2465 1097 2499 Coronam
1135 2465 1279 2498 civicam
1304 2463 1478 2506 describit,

812 2511 911 2553 cujus
931 2511 1041 2551 ratio,
1072 2509 1255 2554 praesertim
1284 2512 1364 2554 leges
1384 2513 1478 2545 aretae

812 2555 846 2591 ἰῇ*
883 2557 950 2589 ideo
981 2557 1124 2599 superbae
1175 2555 1346 2589 habentui·
1389 2556 1477 2589 Plin.

813 2600 862 2641 16,
883 2613 901 2640 4
930 2611 1031 2645 quem
1052 2601 1165 2634 locum
1194 2600 1289 2645 posui
1317 2601 1419 2634 etiam
1441 2601 1478 2634 δε

811 2645 980 2681 illustravi
1013 2646 1050 2679 in
1078 2645 1407 2680 Chrestom.Plin.n.
1426 2656 1477 2689 72,

813 2701 847 2732 ις
861 2690 906 2736 sq.
