1612 2948
357 100 438 145 IN
485 99 890 144 EUTROPIUM
932 100 1054 143 LIB.
1083 100 1127 143 11

1287 112 1360 155 289

160 200 341 248 Moenia,
380 198 608 254 conspicuas
638 213 726 255 quse
754 212 858 241 nunc
887 199 1078 243 attollitis
1106 212 1232 250 arces,

157 275 267 315 Mox
296 274 426 327 campi
455 272 686 328 nudumque
713 271 858 328 solum.
889 271 1034 314 dileffa
1061 274 1191 315 valete

161 350 375 395 Rumina,-
422 363 501 390 non
530 350 671 406 vestris
701 350 814 391 ultra
844 347 1070 392 bacchabor
1095 351 1139 391 in
1168 351 1328 392 antris.-

49 437 120 473 300
159 424 245 466 Nec
264 424 379 479 juga
399 424 577 480 sulcabit
606 424 734 480 noster
763 425 1008 478 Berecyntia
1035 438 1220 474 currus.„

214 498 358 546 Dixit,
407 497 450 539 &
480 499 528 539 ad
557 498 690 540 tristes
718 499 928 539 convertit
956 504 1153 553 tympana
1180 497 1382 555 planfms.

160 570 385 612 Labentem
415 572 587 626 patriam
619 570 739 612 sacris
769 570 992 611 ululatibus
1019 570 1130 626 Atys

159 645 374 692 Personat,
412 645 455 687 δε
487 646 666 687 lacrimis
696 646 806 686 torvi
836 644 1030 686 maduere
1058 646 1217 687 leones.

196 718 442 773 Eutropius,
473 719 659 773 quamvis
683 725 860 773 nequeat
897 719 1116 759 metuenda
1149 720 1279 761 taceri

43 803 117 841 305
161 791 329 842 Clades,
361 792 404 834 &
424 793 608 848 trepidus
634 793 868 847 vulgaverit
900 794 1040 834 omnia
1064 806 1216 843 rumor,

158 865 355 920 Ignorare
383 872 520 906 tamen
542 863 675 920 fingit,
701 867 903 922 regnique
939 867 1078 908 ruinas

152 937 395 981 Disfimulat.
424 953 592 993 parvam
611 940 817 982 latronum
844 954 980 982 errare
1001 948 1231 982 catervam:

158 1014 224 1056 Ad
242 1014 378 1054 sontes
411 1021 619 1056 tormenta
638 1016 792 1070 magiS,
821 1029 943 1071 quam
962 1016 1057 1063 tela,
1085 1017 1231 1071 parari,

154 1087 245 1130 Nec
265 1088 369 1129 duce
391 1087 638 1143 frangendas
661 1087 810 1143 jafbat,
848 1090 916 1130 sed
945 1090 1104 1145 judice,
1129 1091 1253 1131 vires.

42 1173 114 1213 3¹0

132 1330 199 1369 299
223 1333 293 1358 non
315 1321 387 1358 istis
409 1324 479 1368 Basl
498 1335 602 1368 marg.

213 1162 337 1207 Vasta
359 1163 474 1206 velut
506 1163 653 1219 Libyae
689 1171 912 1207 venantum
942 1165 1113 1207 vocibus
1142 1165 1227 1206 ales

1331 1221 1448 1266 Cum

694 1331 758 1365 307
786 1323 822 1357 in
844 1321 954 1357 sontes
979 1323 1074 1368 vulg.
1093 1321 1137 1356 ad
1157 1324 1251 1359 etiam
1275 1325 1346 1370 Cuj.

515 1395 575 1428 310
597 1383 748 1419 vallibus
771 1386 842 1429 Bas.
867 1396 971 1429 marg.

45 1487 221 1534 pampinis
243 1486 507 1532 circumplexae‚
532 1498 625 1521 arma
639 1489 722 1521 Bac-

44 1532 100 1567 chi
122 1535 157 1567 &
177 1531 419 1566 bacchantium
434 1560 443 1574 ,
480 1531 609 1576 quibus
638 1533 720 1567 Ori-

42 1587 155 1612 entem
177 1578 372 1622 peragravit
391 1577 426 1611 &
441 1575 584 1622 subegit.

92 1622 157 1666 296
180 1626 322 1667 Jamque
352 1625 420 1656 vale
439 1634 517 1656 cum
542 1623 629 1656 dicit
648 1624 721 1667 Cy-

44 1666 131 1709 bele,
155 1667 371 1702 discessuram
393 1667 421 1703 se
444 1668 584 1701 indic-at.
631 1668 718 1701 Tale

70 1713 129 1746 uid
170 1714 372 1747 imminente
401 1713 718 1759 Hierosolymarum

42 1725 115 1792 {lato
135 1757 263 1793 saelum
282 1758 448 1803 josephus
470 1767 718 1792 commemorat

44 1804 87 1838 de
107 1805 142 1837 B.
156 1803 279 1847 Jud.7,
293 1814 323 1846 31
372 1803 489 1838 audita
510 1804 613 1837 etiam
635 1815 718 1837 voce

43 1851 299 1894 μεταβακίνωμεν
331 1851 491 1883 ἐντεῦθεν.
541 1851 616 1883 Hoc
651 1849 718 1882 effi-

43 1906 118 1930 cere
151 1894 312 1929 volebant
338 1895 485 1929 Romani
509 1895 566 1928 illa
588 1896 719 1929 Evoca-

43 1942 137 1980 tione
173 1940 230 1974 suri
252 1968 261 1983 ‚
300 1942 399 1984 cujus
434 1940 630 1985 exemplum
670 1939 716 1973 est

45 1987 160 2027 Livs,
181 1995 237 2019 21:
265 1986 306 2020 de
321 1997 388 2030 qua
407 1986 545 2030 egregia
565 1985 719 2031 disputa-

46 2032 95 2065 tio
114 2031 160 2065 est
181 2032 449 2074 Henr.Coceeji,
474 2032 510 2065 δε
541 2031 644 2064 altera
664 2032 718 2074 Jo.

45 2077 314 2122 Gui1.Bergeri‚·
346 2079 443 2110 locus
473 2077 622 2110 classicus
643 2077 719 2111 Ma-

45 2121 139 2157 crob.
162 2123 313 2166 Sat.3‚9.
358 2121 483 2156 Noster
503 2121 648 2167 respexit
678 2121 718 2155 il-

42 2167 104 2202 lud
125 2170 211 2201 Aen.
225 2181 253 2210 2,
268 2177 318 2209 351
345 2169 501 2209 Exceffere
517 2179 621 2201 omnes
642 2169 718 2209 ady-

45 2215 88 2247 tis
107 2215 230 2258 arisque
257 2214 374 2248 relit‘i‘is
392 2215 459 2255 DI,
483 2214 595 2257 quihus
617 2215 717 2257 impe-

46 2260 132 2292 ·rinm
151 2261 207 2292 hoc
219 2259 360 2299 steterat.

92 2313 160 2350 299
183 2305 217 2338 Si
235 2305 345 2346 vestris
365 2301 511 2337 refertur
537 2302 580 2337 ad
601 2301 717 2337 flumi-

48 2359 111 2391 na,
138 2350 337 2394 ponendum
357 2349 415 2390 est,
441 2348 554 2384 fontes
573 2349 715 2383 illorum

47 2394 91 2428 ad
130 2395 261 2428 radices
300 2395 470 2428 montium
519 2404 558 2428 ut
595 2394 714 2435 solent,

46 2440 83 2474 &
131 2440 230 2474 artim
251 2441 418 2474 ex,antris
439 2438 652 2486 prorupisse,
684 2440 719 2473 in

47 2452 176 2530 quilius
213 2485 351 2519 auditos
390 2497 408 2519 a
440 2495 537 2520 motu
568 2485 654 2518 aeris
681 2485 718 2519 δε

48 2541 217 2576 aquarum
265 2529 425 2575 strepitus
470 2542 507 2565 ac
546 2531 717 2564 tumultus

44 2575 211 2609 videntur
222 2576 345 2610 accolae
356 2587 488 2620 magnae
499 2575 717 2610 matriDenm

51 2619 219 2655 tribuisse.

92 2677 156 2712 302
179 2670 259 2710 Atys
277 2666 337 2701 ille
355 2666 408 2701 vel
420 2668 524 2710 Attis,
549 2676 607 2702 aut
619 2668 718 2703 Attin

768 1486 854 1521 adeo
874 1485 1016 1521 amasius
1042 1485 1190 1532 Cybeles
1204 1515 1213 1529 ,
1238 1487 1280 1523 de
1301 1500 1372 1534 quo
1393 1491 1438 1526 ad

769 1539 816 1574 18,
842 1542 913 1575 277.
981 1534 1137 1566 Leonibus
1176 1534 1333 1577 junelum
1374 1536 1440 1572 effe

766 1589 908 1611 currum
926 1576 1075 1623 Cybeles
1102 1579 1250 1622 antiquae
1269 1580 1438 1627 imagines

765 1623 981 1667 loquuntur,
1006 1633 1081 1666 quae
1106 1623 1222 1668 paffim
1243 1625 1373 1660 exstant
1400 1629 1440 1662 in

766 1667 995 1701 marmoribus
1008 1679 1045 1701 ac
1067 1669 1227 1703 nummis.
1250 1671 1314 1704 His
1336 1673 1439 1708 lacri-
1485 1700 1487 1703 -

765 1724 837 1746 mas
852 1712 922 1753 dat,
946 1723 984 1746 ut
997 1713 1096 1757 equis
1108 1715 1283 1749 Homerus
1310 1727 1346 1750 ac
1358 1719 1436 1753 Vir-

765 1757 884 1803 gilius.
908 1758 1113 1792 Vid.Cerda
1128 1758 1170 1791 ad
1188 1760 1276 1794 Aen.
1295 1772 1336 1804 ιι,
1351 1775 1409 1808 90.

812 1813 880 1845 310
919 1803 1157 1837 Struthionem
1193 1805 1297 1840 hodie
1327 1810 1435 1854 vulgo

763 1858 887 1882 vocant
907 1848 993 1883 hanc
1010 1860 1120 1890 avem,
1143 1859 1258 1884 rarum
1271 1863 1365 1897 aeque
1378 1866 1440 1889 no-

763 1893 817 1928 bis
838 1893 1067 1938 speciae-ulum
1083 1922 1092 1935 ,
1125 1906 1229 1939 quam
1259 1900 1437 1941 quotidia-

764 1951 848 1973 num
865 1939 942 1973 sunt
954 1940 1051 1973 illius
1064 1951 1197 1984 pcnnae,
1211 1942 1343 1977 Plinius
1358 1956 1407 1987 ιο,
1421 1957 1433 1981 ι

755 1985 1049 2027 struthiocamelum
1062 2011 1070 2026 ,
1094 1985 1186 2029 quasi
1205 1995 1243 2020 tu
1264 1991 1434 2026 camelum

763 2031 853 2064 inter
895 2029 1038 2075 passeres
1078 2031 1250 2075 appelles:
1308 2045 1434 2081 nempe

761 2077 922 2110 marinum
933 2086 1072 2121 quoque
1082 2077 1327 2121 pafferemdixit
1336 2081 1437 2116 Plau-

762 2131 818 2154 tus
839 2120 1015 2162 Pei-same
1031 2130 1074 2164 17.
1122 2122 1187 2155 Sed
1208 2134 1270 2158 nec
1298 2125 1435 2161 invide-

763 2178 839 2200 mus
861 2165 1047 2201 lestoribus
1076 2164 1341 2213 descriptionem
1366 2173 1436 2206 Pli-

762 2213 914 2250 manum,
938 2222 1108 2256 quatenus
1127 2213 1312 2258 praesertim
1341 2217 1431 2252 illud

758 2259 983 2302 pulverulenta
1003 2259 1091 2291 volut
1102 2261 1223 2302 poetae
1235 2262 1338 2296 nostri
1354 2263 1433 2307 pul—

761 2302 842 2337 chre
873 2302 1045 2347 explicat:
1070 2304 1288 2340 Altizueiimm
1316 2310 1432 2351 equitis

760 2350 925 2390 infidentis
944 2360 1020 2392 equo
1045 2350 1216 2389 excedunt,
1239 2354 1432 2388 celeritatem

764 2396 912 2435 vincunt,
931 2396 971 2428 ad
982 2395 1039 2428 hoc
1059 2396 1182 2428 demum
1201 2397 1285 2430 elatis
1301 2402 1436 2441 pennis,

762 2448 799 2473 ut
827 2448 1005 2474 currentem
1033 2440 1206 2481 adjuvent:
1245 2451 1343 2477 cetero
1366 2456 1431 2479 non

755 2487 837 2529 fiant
853 2486 996 2519 volucres
1009 2513 1018 2526 ‚
1041 2496 1098 2519 uec
1118 2498 1135 2518 a
1157 2494 1242 2519 terra
1262 2489 1431 2523 tolluntur.

770 2532 907 2574 Ungulae
929 2532 970 2563 iis
996 2533 1135 2566 cervinis
1156 2533 1293 2573 fimiles,
1318 2535 1432 2576 quibus

764 2576 938 2617 dimicant,
963 2577 1108 2619 bisulcae,
1131 2578 1429 2619 comprehendendo

763 2622 922 2665 lapidibus
944 2623 1038 2655 utiles
1054 2650 1062 2663 ‚
1086 2634 1163 2664 quos
1180 2623 1216 2654 in
1238 2622 1325 2666 fuga
1354 2635 1428 2659 con-

764 2675 815 2703 tra
832 2669 997 2712 sequentes
1018 2668 1167 2712 ingerunt
1194 2668 1336 2711 pedibus.
1365 2682 1370 2692 ²

859 2732 900 2776 T
