1612 2948
429 126 502 170 IN
528 126 939 170 EUTROPIUM
995 126 1118 171 LIB.
1145 126 1167 168 Ι

1332 132 1402 168 261

206 224 454 280 Regalesque
482 231 622 266 averte
651 233 782 267 notas.
814 225 917 267 hunc
945 224 1088 281 aspicit
1117 239 1241 266 unum

208 304 320 346 Aula
345 304 644 360 magistratum.
674 305 789 346 vohis
812 303 1083 359 patribusque
1108 303 1289 344 recurrit

205 382 288 424 Hic
318 382 500 424 alternus
526 382 663 423 lionos.
704 384 748 424 in
774 385 922 424 crimen
951 383 1136 424 euntibus
1164 382 1284 424 annis

203 460 357 509 Parce,
387 467 532 516 quater
563 460 712 517 Corisul.
745 463 939 516 contagia
957 460 1165 516 fascibus,
1195 474 1283 510 oro,

92 550 169 587 490
206 538 416 594 Defendas
446 541 604 595 ignava
628 542 733 588 tuis,
761 554 836 582 neu
867 539 1027 581 tradita
1054 539 1172 580 libris

203 618 385 659 Nomina
398 648 408 665 ‚
429 619 669 674 vestitusque
687 632 814 666 meos,
834 616 979 673 quibus
998 629 1136 665 omne,
1164 614 1276 672 quod
1293 613 1420 656 ambit

209 697 416 744 Oceanus,
443 695 601 745 domui,
630 702 751 737 tanta
781 696 954 750 caligine
981 696 1115 750 mergi

206 775 442 831 Calcarique
461 774 587 830 fluas.
617 788 711 816 nam
742 775 943 830 quaejam
971 774 1071 816 bella
1097 785 1294 828 geramus

199 853 394 894 Mollibus
422 852 647 909 auspiciis?
683 866 783 910 quaev
799 853 895 908 jam
923 852 1121 895 connubia
1145 854 1314 906 prolem,

88 941 162 980 493
204 931 276 972 Vel
293 930 466 985 frugem
493 931 633 973 latura
649 930 802 987 figes?
833 930 934 988 quid
950 931 1095 987 fertile
1130 931 1269 978 terris,

87 1144 154 1186 486
179 1145 317 1180 adverte
336 1149 426 1192 vulg.
450 1157 565 1183 averte
583 1151 677 1183 etiam
697 1150 766 1193 Bas.
786 1160 889 1194 marg.
913 1147 1039 1193 accipit
1058 1149 1150 1192 vulg.

648 1205 706 1240 49¹
735 1194 851 1228 omina
872 1197 963 1238 vulg.
1003 1194 1119 1228 omnia
1135 1195 1178 1225 al.
1210 1192 1351 1225 nomina
1372 1191 1473 1224 MSS.

89 1193 164 1224 MS.
194 1194 275 1235 quod
300 1197 403 1237 placet
419 1196 534 1238 Heius

127 1247 193 1282 493
218 1237 367 1273 feramus
385 1242 426 1272 al.

520 1250 586 1284 494
609 1249 668 1274 aut
687 1251 763 1285 quae
782 1251 858 1274 con.
877 1242 968 1284 vulg.

874 1011 912 1053 R
937 1024 957 1059 3
1369 1004 1480 1061 Quid

1240 1151 1308 1189 489
1330 1141 1474 1178 fastibus

1061 1248 1126 1283 495
1149 1245 1208 1271 aut
1227 1239 1269 1271 al.
1293 1237 1429 1272 laturus

399 1296 481 1331 ager
501 1289 591 1331 vulg.
613 1287 726 1321 latura
744 1284 835 1331 seges
852 1287 946 1320 etiam
963 1287 1034 1330 Bas
1048 1296 1150 1329 marg.

129 1408 196 1452 486
234 1411 369 1454 Regales
385 1420 498 1452 ποτα,
524 1421 600 1456 quae
629 1411 755 1456 regibus

83 1455 270 1497 Romanis,
293 1457 386 1499 (jam
408 1458 498 1491 enim
517 1468 587 1492 non
605 1457 754 1502 amplius

84 1500 255 1534 invidiam
291 1500 395 1535 habet
423 1501 488 1536 hoc
516 1504 665 1538 nomen)
703 1503 756 1537 in-

83 1556 233 1580 uruntur
252 1558 312 1591 per
329 1556 467 1592 turpem
489 1547 573 1582 adeo
585 1549 755 1593 collegam

84 1590 270 1625 consulem.
320 1593 389 1626 Vix
415 1592 517 1627 aufim
547 1593 659 1628 dicere
678 1604 756 1628 utra

84 1635 187 1671 lestio
215 1636 253 1670 sit
281 1638 425 1679 melior,
452 1641 564 1683 accipit
591 1650 635 1672 an
653 1641 756 1684 adspi-

85 1684 157 1715 cit?
200 1691 347 1727 utraque
378 1692 468 1716 certe
499 1684 682 1727 convenit,
723 1693 756 1718 et

84 1727 228 1760 eandem
251 1729 342 1773 parit
366 1727 578 1763 sententiam.

131 1779 195 1815 488
220 1776 260 1807 In
286 1775 406 1808 crimen
432 1784 508 1808 eunt
534 1787 639 1809 omnes
666 1776 756 1815 anni,

84 1816 230 1852 subeunt
250 1819 417 1864 probrum
436 1819 526 1853 illud
544 1831 661 1854 omnes
675 1831 757 1854 con-

85 1863 191 1906 sules,
223 1864 388 1899 omnibus
412 1864 521 1910 potest
543 1863 659 1909 objici,
684 1875 758 1899 tur-

86 1921 129 1954 pe
153 1909 318 1944 omnibus
346 1912 415 1949 est,
450 1910 623 1945 consulem
657 1909 758 1945 fuisse

85 1954 306 1993 Eunuchum.
352 1958 447 2000 Qot
466 1955 593 1991 formas
613 1958 759 2002 loquen-

85 2000 123 2034 di
143 2000 267 2035 similes
294 2000 411 2036 subeat
431 2001 576 2036 verbum
594 2014 647 2044 eo,
676 2002 760 2036 alias

86 2046 313 2091 explicamus.

133 2098 200 2136 489
232 2092 403 2127 Arcadius
431 2092 473 2127 A.
499 2094 540 2127 C.
560 2093 624 2138 396
657 2103 760 2138 quar-

87 2146 162 2172 tum
173 2137 301 2172 Consul
313 2137 398 2172 fuit:
422 2139 611 2183 Eutropius
623 2140 666 2172 A.
680 2148 756 2183 399.

127 2194 197 2235 ‚49¹
231 2184 369 2226 Vestitus
388 2183 583 2217 vehementi
602 2192 759 2229 metony-

15 2253 30 2257 -
86 2240 158 2263 mia
186 2228 274 2262 dixit
291 2257 300 2271 ‚
329 2228 373 2263 ad
401 2228 604 2274 signandum
631 2240 757 2263 munus

86 2273 283 2309 consulare:
320 2285 443 2320 nempe
472 2274 514 2308 fic
545 2278 684 2319 Togam,
720 2282 754 2308 et

87 2323 241 2355 Coronam
260 2329 293 2353 et
313 2322 442 2365 Sceptra
461 2319 582 2355 dicunt
602 2330 733 2354 omnes.

133 2376 201 2411 494
223 2367 371 2411 Auspicia
392 2364 518 2400 habent
528 2365 679 2400 consules
689 2367 758 2400 Ro-

91 2412 208 2452 mani,
237 2410 301 2445 hoc
327 2410 373 2444 est
394 2410 452 2446 suo
479 2411 620 2446 nomine
645 2409 757 2456 auspi-

86 2465 232 2497 cantur,
258 2455 322 2490 hoc
348 2455 414 2497 est,
443 2466 627 2502 precantur
650 2457 756 2498 Deos,

88 2510 128 2535 ut
149 2500 234 2534 bene
263 2501 322 2535 fibi
349 2511 381 2535 et
402 2502 487 2548 reip.
509 2502 645 2536 evenire
664 2502 756 2536 hunc

87 2546 349 2591 magistratum,
390 2546 460 2581 haec
492 2548 651 2588 comitia,
689 2546 754 2581 hoc

87 2590 217 2626 bellum
243 2590 395 2636 jubeant.
440 2593 653 2638 Principium
681 2603 758 2626 ora-

86 2638 215 2679 tionis,
244 2648 347 2682 quam
374 2638 502 2672 Consul
526 2639 665 2672 Tullius
692 2649 756 2683 pro

88 2683 236 2717 Murena
263 2682 398 2717 consule
419 2683 592 2729 designato
619 2682 754 2725 habuit,

88 2725 152 2761 hoc
170 2728 235 2762 est:
260 2731 338 2774 Qae
356 2730 537 2773 deprecatus
556 2731 629 2772 sum
645 2742 663 2763 a
685 2731 755 2765 Dls

798 1410 1052 1450 immortalibus,
1109 1418 1212 1442 Mossz
1262 1417 1472 1442 lerlTUTO

802 1469 876 1504 Qu:
903 1465 1102 1501 Max-ionum,
1124 1455 1180 1487 illo
1207 1454 1257 1487 die
1283 1466 1342 1496 quo
1367 1463 1473 1486 ΛυεΡι

802 1513 902 1536 CATO
916 1530 926 1544 ‚
949 1502 1087 1535 comitiis
1106 1500 1314 1539 centuriatis,
1336 1500 1375 1532 L.
1396 1500 1472 1531 Mu-

799 1560 909 1584 renam
935 1548 1093 1590 cqnsulem
1124 1545 1335 1584 renunciavi,·
1377 1552 1414 1576 ut
1440 1556 1475 1576 ea

800 1607 849 1627 res
870 1604 971 1634 mini,
991 1591 1249 1634 magistratuique
1265 1601 1360 1629 Μεο,
1375 1599 1475 1632 popu-

802 1642 831 1673 Io
847 1640 990 1682 plebique
1010 1639 1069 1669 Ro.
1092 1637 1166 1669 bene
1187 1644 1222 1669 ac
1235 1636 1474 1677 feliciter‘eve-

800 1685 887 1718 niret
907 1693 971 1716 etc.
1016 1683 1099 1715 Haec
1118 1679 1164 1714 est
1177 1708 1186 1722 ‚
1203 1690 1242 1714 ut
1263 1690 1343 1714 mox
1364 1678 1475 1721 addit,

802 1731 854 1763 illa
890 1727 1049 1773 sollemnis
1087 1727 1295 1760 comitiorum
1334 1726 1475 1769 precatio

801 1775 1017 1818 confialaribus
1070 1772 1219 1816 auspiciis
1284 1773 1471 1814 consecrata.

801 1821 902 1853 Tales
920 1818 1086 1853 formulas
1098 1844 1108 1858 ‚
1136 1816 1190 1850 vel
1209 1815 1301 1850 sensu
1321 1826 1473 1849 commu-

803 1865 839 1898 ni
874 1863 1010 1907 judice,
1051 1873 1177 1907 magna
1206 1871 1239 1895 et
1269 1861 1362 1895 virili
1391 1872 1476 1894 voce

802 1909 1040 1956 pronunciari,
1061 1908 1216 1952 dignitas
1234 1906 1394 1952 postulat,
1405 1917 1476 1940 non

802 1955 899 1990 tenui
920 1964 952 1989 et
972 1952 1135 1989 muliebri
1162 1952 1338 1997 flauaque
1366 1962 1474 1986 eunu-

800 2000 857 2035 chi
878 2001 1001 2035 vocula
1020 1998 1205 2034 cantillari.
1251 1997 1356 2043 Qod
1377 1997 1399 2030 fi
1412 1996 1473 2031 fiat

799 2049 892 2081 molle
926 2046 966 2079 fit
995 2043 1106 2088 ipsum
1133 2043 1341 2089 auspicium,
1377 2041 1473 2087 quod

799 2090 906 2127 robur
926 2101 958 2126 et
979 2090 1146 2124 fiduciam
1165 2089 1351 2124 conciliare
1370 2087 1473 2122 debet

800 2137 937 2171 animis.
982 2139 1087 2171 Porro
1108 2135 1144 2169 in
1157 2133 1340 2213 princifiis
1357 2143 1390 2167 et
1410 2144 1471 2167 au-

798 2182 914 2227 spiciis
951 2193 1053 2217 omen
1088 2179 1191 2215 ineffe
1226 2192 1272 2214 vu
1289 2192 1333 2225 go
1368 2188 1471 2224 puta·

797 2226 881 2262 bant
900 2227 1058 2262 homines
1070 2254 1079 2268 ,
1108 2226 1286 2261 felicitatis
1305 2226 1359 2259 vel
1381 2223 1470 2258 infe-

795 2273 937 2308 licitatis
949 2271 1243 2319 significationem.
1251 2271 1412 2305 Felicitas
1423 2268 1469 2303 est

799 2319 884 2365 reip.
897 2330 1002 2364 quam
1021 2327 1183 2364 precatur
1203 2318 1237 2352 in
1248 2317 1400 2351 carmine
1412 2315 1468 2349 sae-

799 2365 907 2399 culari
920 2357 1113 2410 Horatiarffi
1131 2363 1256 2399 chorus
1277 2372 1466 2408 puerorum

800 2421 839 2445 ac
859 2411 1054 2456 puellarum
1074 2421 1106 2443 v.
1117 2421 1158 2455 29
1182 2410 1311 2443 Fertilis
1325 2409 1466 2451 frugum

795 2459 983 2501 pecorisque-
1005 2457 1114 2490 Tellus
1143 2456 1253 2500 Spicea
1289 2455 1383 2488 donet
1410 2455 1466 2486 Ce-

796 2513 898 2536 rerem
926 2513 1048 2536 corona.
1070 2510 1103 2534 et
1119 2513 1151 2535 v.
1165 2510 1204 2543 47
1228 2501 1372 2534 Romula.-
1386 2510 1465 2542 gen-

795 2548 823 2581 ti
839 2549 911 2581 date
929 2558 1056 2591 remque
1069 2549 1249 2591 prolemque
1265 2555 1327 2578 etc.
1350 2545 1466 2589 Qam

798 2593 887 2626 male
904 2593 1098 2627 ominatum
1118 2591 1174 2632 est,
1195 2591 1216 2624 si
1233 2591 1365 2636 primus
1379 2589 1466 2634 reip.

796 2637 901 2673 homo
919 2637 958 2671 sit
979 2637 1070 2679 talis,
1086 2648 1127 2671 ex
1142 2648 1212 2681 quo
1232 2647 1273 2670 ne
1282 2634 1372 2670 nasci
1392 2633 1469 2679 qui-

798 2683 879 2719 dem
896 2683 994 2731 poffit
1010 2682 1204 2728 quidquam
1216 2682 1233 2715 ’ἓ
