1612 2948
381 143 454 184 IN
499 138 908 184 EUTROPIUM
965 142 1161 190 LIB.11
1309 158 1386 199 297

50 278 55 281 ,
78 255 150 292 4¹0
188 241 378 284 Asfiduus
400 241 527 287 ludis,
554 241 695 282 avidus
719 241 928 295 splendere
949 242 1135 290 lavacris,

186 318 274 360 Nee
304 317 406 357 soles
436 316 637 357 imbresve
660 317 767 371 pati,
788 317 1046 371 multumque
1068 317 1195 372 priori

187 391 353 445 Dispar,
372 390 440 431 sub
460 390 595 444 clipeo
617 389 828 431 Thracum
850 390 920 444 qui
942 389 1051 430 ferre
1071 392 1252 445 pruinas,

183 464 294 505 Dum
313 461 488 504 Stilicho
510 470 695 518 regeret,
718 463 910 517 nudoque
934 463 1114 504 hiemare
1134 464 1202 505 sub
1224 477 1303 505 axe

184 538 402 585 Sueverat,
420 538 463 581 &
482 540 594 580 duris
613 539 777 580 haurire
802 539 1045 592 bipennibus
1066 539 1265 587 Hebrum.

73 624 138 663 41,-
186 613 291 655 Cum
322 615 426 655 duce
449 619 616 655 mutatae
638 614 760 654 vires.
819 613 1024 668 Byzantia
1043 614 1168 655 robur

192 689 338 744 Fregit
367 689 575 735 luxuries,
606 687 903 742 Ancyranique
926 687 1136 742 triumphi.

186 765 283 807 Non
307 766 488 820 peditem
508 764 706 820 praecedit
731 775 882 819 eques:
911 777 996 804 non
1017 765 1232 807 commoda
1257 764 1397 808 castris

182 838 364 893 Eligitur
384 838 514 893 regio.
541 838 700 879 vicibus
732 837 912 879 custodia
940 837 1067 879 nullis

185 910 399 965 Advigilat
421 910 548 952 vallor
581 924 665 951 non
686 911 957 966 explorantur
976 911 1122 952 eundae

69 996 147 1034 420
188 984 462 1040 Vitandaeque
484 985 581 1027 viae.
605 985 721 1026 nullo
752 985 791 1025 se
813 998 967 1026 cornua
992 983 1166 1027 fleetunt

184 1059 355 1100 Ordine.
385 1058 539 1101 confufi
560 1058 699 1114 paffim
722 1074 796 1115 per
815 1074 942 1115 opaca
965 1067 1164 1115 vagantur

181 1133 346 1183 Lustra,
375 1148 449 1189 per
473 1136 638 1190 ignotas
659 1135 829 1190 angusto
851 1136 1014 1176 tramite
1037 1135 1181 1176 valles.

236 1207 303 1250 Sic
335 1210 455 1250 vacui
474 1200 648 1251 reftori's
674 1211 793 1265 equi,
825 1207 877 1251 fic
896 1210 996 1251 orba
1015 1209 1207 1264 magistro

182 1280 333 1322 Fertur
354 1283 407 1323 in·
418 1282 638 1337 abruptum
659 1283 772 1330 casu,
810 1295 894 1322 non
915 1281 1065 1330 fidere,
1095 1281 1259 1337 puppis.

66 1367 142 1408 ⁴²5
181 1355 249 1398 Sic
281 1357 364 1399 ruit
392 1359 436 1399 in
457 1371 580 1413 rupes
601 1356 741 1398 amifl'o
761 1357 869 1413 pisce
892 1357 1018 1398 sodali

177 1432 345 1481 Bellua,
376 1433 585 1475 sulcandas
616 1435 685 1489 qui
707 1435 889 1489 praevius
909 1435 1058 1474 edocet
1078 1432 1220 1481 undas,

184 1505 515 1563 Immensumque
535 1520 662 1562 pecus
684 1520 823 1562 parvae
850 1507 1129 1548 moderamine
1145 1504 1287 1547 caudae

186 1578 436 1633 Temperat,
466 1579 509 1621 &
530 1588 645 1622 tanto
663 1582 882 1636 conjungit
898 1580 1056 1623 foedera
1077 1579 1272 1620 monstro.

177 1651 256 1694 Illa
276 1658 390 1694 natat
418 1654 591 1695 rationis
621 1655 766 1710 inops,
795 1653 839 1695 &
863 1667 973 1695 caeca
994 1653 1189 1709 profundi

788 1725 829 1768 T
858 1742 878 1778 ς
1376 1723 1466 1774 Jam

68 1866 127 1899 414
152 1856 239 1891 diris
260 1858 330 1903 Bas.
353 1868 455 1901 marg.
547 1857 607 1901 416
633 1857 926 1904 Amphyranique
954 1860 1025 1902 Bas}
1054 1870 1158 1904 marg.
1248 1867 1305 1901 421
1330 1857 1466 1903 sparsim

68 1904 145 1937 MS.
171 1912 290 1947 operta
311 1906 386 1938 MS.
414 1903 574 1937 feruntur
591 1907 667 1938 MS.
781 1914 843 1946 422
868 1903 1027 1949 angustas·
1053 1905 1176 1950 ignoto
1203 1907 1293 1948 vulg.
1327 1905 1465 1949 ignotas

67 1947 213 1990 angusto
232 1950 265 1985 ἐς
285 1951 354 1993 Bas.
373 1961 477 1993 marg.
498 1949 776 1994 ignotos-calles
787 1951 871 1994 susp.
892 1951 1006 1992 Heius?
1105 1960 1164 1993 423
1189 1949 1339 1995 magistri
1361 1952 1462 1985 MSS.

67 1993 133 2034 426
162 1994 217 2027 cui
240 2005 343 2038 praev.
362 1997 453 2038 vulg.
548 2001 608 2036 428
637 1994 764 2029 foedere
783 1993 933 2029 monstra
960 1997 1052 2029 Vien.
1071 2008 1175 2040 marg.
1197 1997 1266 2040 Bas:
1276 2007 1378 2039 marg.
1399 1995 1463 2030 foe-

68 2038 149 2072 dere
171 2038 362 2073 monstrum
382 2042 458 2074 MS.
484 2041 558 2073 hinc
581 2042 662 2082 conj.
682 2041 799 2084 Heius.
832 2050 969 2073 tantum
999 2042 1088 2084 conj.
1111 2040 1238 2074 foedere
1258 2042 1460 2084 monstrum:

226 2087 288 2119 Sed
308 2086 393 2118 nibil
413 2087 613 2119 mutandum.
638 2084 817 2120 Musculus
837 2086 1006 2130 conjungit
1018 2088 1144 2129 foedera
1165 2086 1306 2124 balenae.

112 2197 172 2229 414
195 2188 339 2221 Haurire
371 2188 517 2221 Hebrum
544 2188 743 2232 bipennibus,
834 2196 900 2230 424
927 2188 1034 2222 Sidere
1053 2186 1202 2230 boreali,
1222 2188 1330 2224 helice
1350 2189 1461 2226 obser-

67 2241 138 2265 non
159 2232 262 2266 modo
287 2232 418 2267 dicium
441 2242 527 2277 puto
556 2243 596 2266 ut
616 2234 744 2267 haurire
789 2232 901 2267 vanda
928 2234 1061 2278 regitur
1079 2234 1197 2269 cursus
1216 2237 1326 2270 navis.

68 2279 152 2310 latus
178 2281 245 2321 ρπβ
274 2278 296 2312 i.
325 2277 524 2323 perfodere:
550 2277 605 2311 sed
625 2277 743 2312 bibere

69 2321 112 2355 de
146 2322 260 2357 frustis
286 2323 410 2369 glaciei
441 2323 647 2369 bipennium
676 2335 743 2369 ope
832 2333 896 2367 425
921 2326 1083 2358 Amicitiae
1103 2328 1242 2370 exempla
1257 2330 1337 2370 sunt
1364 2328 1457 2361 balae-

68 2368 196 2402 excifis.
785 2381 828 2403 ‘nn
858 2371 893 2407 ὅθ’
923 2373 1104 2414 musculus:
1138 2373 1262 2414 quando
1297 2375 1461 2416 praegravi

113 2413 172 2457 416
198 2414 251 2447 De
268 2415 449 2456 Ancyranis
478 2415 651 2459 triumphis
670 2412 741 2449 vid.
779 2417 1023 2459 superciliorum
1058 2418 1195 2459 pondere
1234 2418 1355 2450 obrutis
1391 2419 1457 2460 ejus

69 2457 112 2492 ad
137 2470 168 2492 v.
187 2465 241 2504 98.
784 2462 882 2494 oculis
900 2462 1083 2503 infestantia
1101 2464 1356 2505 magnitudinem
1374 2466 1459 2498 vada

115 2513 173 2546 421
204 2507 267 2538 Per
286 2515 379 2549 opaca
399 2506 580 2550 Iustra,per
600 2503 741 2539 umbro·
782 2517 969 2551 pra-natans
997 2507 1188 2548 demonstrat
1201 2535 1209 2547 ,
1238 2510 1458 2553 oculorumque

67 2548 116 2582 sas
146 2548 266 2590 favas,
294 2549 354 2584 ubi
383 2551 500 2596 minus
527 2550 740 2585 incommodi
785 2554 855 2585 vice
874 2554 1042 2596 fungitur.
1092 2554 1174 2585 Haec
1195 2553 1355 2587 laudatus
1375 2557 1457 2587 Bar-

70 2605 89 2628 a
111 2593 177 2628 sole
196 2594 231 2628 &
277 2595 406 2636 ulvere,
431 2595 483 2629 sed
506 2596 585 2640 plus
606 2596 742 2641 pericu·
786 2596 860 2631 thio
879 2598 966 2631 Plin.
986 2607 1007 2641 9
1037 2606 1126 2630 extr.
1157 2595 1218 2632 ubi
1236 2599 1375 2634 Grecos
1403 2601 1451 2634 in-

67 2639 92 2674 li
115 2638 157 2673 ab
177 2607 307 2674 inficfiis
319 2668 328 2682 ,
348 2640 531 2686 praesertim
550 2642 587 2674 in
605 2641 742 2686 reliquo
787 2642 879 2680 dictu
894 2642 1109 2678 Harduinus.

69 2685 182 2765 olm‘lis
212 2685 403 2732 discipline
430 2687 467 2722 δε
485 2687 655 2723 cautionis
684 2698 742 2722 ne-

69 2740 93 2776 g
109 2741 146 2766 es.
163 2741 197 2765 u.
