1612 2948
262 126 341 164 304

538 111 628 155 CL.
677 106 1064 156 CLAUDIANI
1105 112 1188 155 XX

344 210 431 253 Ceu
453 212 590 265 pueri,
619 210 766 264 quibus
794 210 875 251 alta
895 211 1011 265 pater
1031 218 1142 252 trans
1163 224 1328 267 aequora
1353 225 1513 255 merces

177 295 250 333 510
277 282 479 329 Devehst,
508 284 658 322 intenti
683 283 802 330 ludo,
834 281 1048 338 studiisque
1071 284 1206 332 soluti,

288 357 444 399 Laetius
471 365 608 397 amoto
631 355 769 411 passim
802 357 965 397 custode
987 366 1199 412 vagantur,

285 429 328 471 Si
356 430 492 484 gravis
521 431 676 471 auxilio
697 443 841 471 vacuas
861 431 1051 471 invaserit
1071 432 1181 471 aedes

284 506 479 552 Vicinus,
508 505 733 561 laribul'qile
756 506 836 547 suis
856 507 1070 560 proturbet
1091 508 1259 555 inult05‚
1290 532 1302 536 ν-

285 579 397 622 Tum
420 582 585 621 demum
607 570 764 634 patrem
787 581 1032 635 implorant,
1064 580 1106 622 &
1121 594 1272 623 nomen
1294 583 1406 624 inani

173 664 233 705 5¹5

289 653 407 697 Voce
428 655 561 701 cient,
581 653 804 709 frustraque
826 655 967 695 oculos
988 655 1038 694 ad
1056 655 1174 695 litora
1196 655 1381 696 tendunt.

282 730 439 771 Omnes
464 730 660 783 supplicio
683 731 829 784 dignos
853 730 1019 783 letoque
1039 730 1231 778 fatentur,

284 803 366 851 Qui
386 802 424 841 se
446 802 684 842 tradiderint
705 801 889 849 famulis,
919 800 1146 842 Stilichone
1168 800 1327 843 relicto.

284 877 431 917 Mutati
453 875 642 930 stupuere
667 876 736 916 diu
749 905 760 924 ‚
792 875 986 932 sensuque
1005 875 1174 917 reducto

274 950 489 991 Paullatim
518 951 675 1004 proprii
702 951 901 991 mirantur
919 951 1095 991 monstra
1114 950 1281 996 furoris,

169 1038 240 1076 520
282 1027 571 1080 Avertuntque
592 1027 746 1066 oculos.
777 1025 971 1080 projectis
996 1025 1165 1066 fascibus
1185 1026 1325 1067 horret

271 1100 434 1148 Lictor,
464 1100 506 1140 &
531 1100 704 1140 infames
725 1100 916 1141 labuntur
938 1100 1078 1155 sponte
1099 1100 1273 1142 secures.

277 1174 430 1225 Quales
449 1174 586 1214 Aonio
608 1173 773 1214 Thebas
805 1175 855 1214 de
879 1181 1020 1215 monte
1050 1174 1223 1215 reversae

279 1248 486 1289 Maenades
501 1277 510 1294 ‚
538 1246 703 1288 infectis
724 1247 909 1288 Pentheo
930 1248 1123 1303 sanguine
1144 1246 1308 1304 thyrsis,

279 1322 383 1363 Cum
401 1322 533 1376 patuit
552 1328 723 1362 venatus
746 1329 865 1362 atrox
879 1351 889 1369 ,
922 1323 1124 1376 matrique
1144 1329 1323 1367 rotatum

163 1410 227 1449 523
275 1397 536 1451 Conspexere
559 1405 679 1451 caput
693 1426 703 1444 ,
729 1395 883 1450 grefl'us
903 1396 1081 1451 caligine
1100 1395 1247 1451 figunt,

273 1472 327 1514 Et
356 1472 511 1512 rabiem
538 1469 674 1512 desisse
695 1472 850 1513 dolent.

206 1666 262 1702 317
283 1655 415 1691 famulo
436 1658 527 1701 vulg.

209 1816 267 1847 5¹5
292 1806 409 1840 Oculor
428 1805 469 1837 ad
489 1804 583 1837 litora
603 1804 760 1843 tendunt,
792 1812 831 1836 ut

163 1852 356 1886 Horatiana
376 1859 482 1882 mater
493 1851 571 1883 Car.
593 1860 624 1891 4,
643 1859 672 1888 5.
696 1860 730 1892 ¹4
751 1852 830 1883 Cur-

161 1910 202 1931 vo
221 1909 275 1931 nec
288 1897 408 1938 faciem
435 1897 529 1929 litore
547 1895 697 1928 dimovet.

208 1949 262 1983 518
296 1942 442 1980 Mutati,
472 1951 551 1977 cum
581 1941 648 1982 jam
677 1939 831 1984 relipuis-

159 1987 251 2029 sent,
279 1988 314 2021 ὃτ
343 1984 526 2019 mutassent
552 1986 706 2020 animum
727 1997 743 2018 a
763 1985 832 2018 Sti-

159 2033 295 2067 lichone
317 2041 414 2065 antea
434 2031 598 2071 alienum,
620 2030 682 2075 ipsi
703 2031 830 2064 miran-

158 2089 238 2119 tur,
268 2078 327 2122 qui
356 2078 390 2110 in
410 2086 544 2110 tantum
563 2075 714 2109 incidere
735 2074 830 2109 furo-

161 2136 233 2158 rem
266 2124 462 2167 potuerint,
506 2131 545 2155 ut
587 2122 712 2154 mulier
751 2133 827 2165 quae

159 2167 349 2203 monstrum
399 2168 552 2212 peperit,
610 2166 701 2200 illud
755 2166 826 2211 ips-a

156 2214 283 2249 horret.

205 2270 262 2299 522
286 2257 407 2293 Bacchi
429 2257 518 2291 sacra
539 2258 574 2291 ἃ
594 2257 725 2291 furores
744 2268 825 2291 con-

156 2305 310 2339 temserat
352 2302 520 2337 Pentheus
551 2302 704 2336 Thraciae
745 2314 822 2336 rex:

156 2350 309 2385 Bacchus
346 2360 466 2382 verum
515 2347 666 2381 furorem
708 2349 823 2391 injicit

156 2397 256 2430 matri
287 2394 382 2429 illius
410 2395 538 2438 Agavae
569 2394 604 2427 &
631 2395 822 2426 materteris

154 2441 277 2476 Cadmi
300 2438 451 2480 filiabus,
471 2449 531 2483 per
549 2438 703 2472 Aonium
723 2450 820 2472 mon-

153 2497 222 2521 tem
244 2483 503 2522 bacchantibus.
550 2485 617 2517 Hie
636 2484 818 2517 mati-edu-

155 2545 191 2566 ce
218 2535 253 2566 111
281 2530 447 2571 Penthea,
473 2541 576 2574 quem
605 2529 663 2562 illa
695 2540 818 2572 aprum

152 2579 381 2623 imaginatur,
417 2575 607 2615 invadunt,
647 2574 683 2608 &
724 2574 818 2607 mise-

152 2634 228 2657 rum
252 2623 459 2662 dilacerant,
488 2631 596 2654 matre
614 2629 718 2664 caput
740 2619 817 2660 filii,

154 2680 189 2702 111
212 2669 361 2713 praedam
393 2667 546 2712 opimam
575 2666 664 2699 inter
695 2676 816 2698 manus

617 1665 683 1696 520
705 1654 975 1701 prosti-atistS.

537 1703 606 1746 Bas?
625 1714 726 1747 marg.
750 1700 890 1736 descesse
910 1703 947 1736 it.
969 1700 1102 1735 discesse
1120 1704 1162 1736 al.

907 1471 1018 1522 Quin
1039 1471 1227 1526 protinus
1250 1467 1333 1524 ipsa

1396 1541 1550 1583 Tendit

1075 1654 1136 1696 526
1160 1652 1296 1690 descisse
1314 1655 1356 1689 al.
1382 1651 1504 1688 ceffiss'e

879 1800 995 1836 bulam
1016 1802 1211 1847 exsequitur
1234 1803 1270 1837 in
1287 1802 1427 1837 Bacchis
1445 1801 1545 1836 Euri-

877 1848 985 1893 pides.
1009 1847 1063 1883 Cf.
1088 1858 1118 1889 5,
1138 1859 1172 1890 4¹
1203 1875 1209 1881 .
1255 1849 1446 1887 Maenades,
1464 1861 1543 1890 μαι-

876 1894 985 1933 νάδες,
1004 1893 1140 1928 Bacchae
1161 1905 1178 1927 a
1217 1894 1278 1928 illo
1296 1894 1410 1928 furore
1431 1893 1542 1935 distre,

875 1950 1022 1983 quarum
1069 1939 1168 1972 vestis
1208 1941 1332 1980 nebris,
1381 1938 1400 1973 s.
1441 1938 1542 1983 pellis

875 1983 1061 2026 humide-a,
1089 1983 1259 2029 gestamen
1288 1988 1411 2029 thyrfics
1440 1984 1460 2017 s.
1482 1983 1541 2017 ha-

875 2028 941 2071 sta„
962 2032 1017 2064 cui
1040 2031 1346 2075 circumplicantur
1369 2029 1540 2076 palmites.

918 2085 978 2116 525
1000 2078 1167 2120 Caligine,
1191 2077 1384 2121 vertigine,
1413 2075 1471 2119 qui
1491 2073 1539 2107 fe-

872 2131 907 2154 re
927 2122 1100 2160 coniunffi
1132 2121 1208 2155 sunt
1239 2133 1371 2166 magnae
1392 2120 1539 2154 conster-

872 2167 1024 2200 nationis
1044 2167 1193 2205 effectus,
1216 2167 1294 2200 ideo
1316 2166 1428 2211 figunt
1449 2163 1538 2209 gres·

870 2211 942 2252 sus,
966 2213 1047 2256 quia
1069 2211 1230 2257 progredi
1251 2223 1318 2245 non
1336 2211 1462 2244 audent
1478 2221 1534 2244 ca-

867 2257 971 2335 ?cndi
995 2267 1108 2300 metu,
1139 2269 1199 2292 nec
1219 2268 1286 2303 prae
1313 2266 1440 2290 terrore
1462 2254 1535 2301 pos-

881 2312 953 2336 unt.

910 2347 975 2387 526
1001 2350 1113 2394 Qam
1133 2347 1191 2381 diu
1203 2346 1301 2382 furor
1314 2347 1440 2387 aderat,
1461 2346 1534 2390 pla-

865 2391 986 2427 cebant
1006 2392 1064 2427 suo
1084 2393 1143 2426 sibi
1164 2404 1287 2427 venatu
1302 2421 1310 2434 ‚
1338 2394 1372 2426 &
1390 2391 1534 2436 pulchre

865 2450 935 2472 rem
971 2450 988 2471 a
1026 2438 1055 2471 se
1083 2437 1208 2483 gestam
1236 2436 1433 2483 gaudebant
1467 2446 1531 2471 etc.

865 2485 968 2517 Nunc
988 2493 1143 2517 mutatur
1156 2483 1249 2517 scena
1270 2483 1379 2518 multo
1400 2480 1531 2515 tristius

863 2541 965 2574 quam
993 2529 1027 2562 in
1046 2529 1127 2569 illo,
1158 2530 1218 2574 qui
1249 2529 1343 2563 dulci
1372 2527 1530 2568 stultitia,

861 2586 929 2618 qua
950 2575 982 2607 in
1010 2585 1118 2608 vacuo
1144 2574 1172 2607 se
1195 2574 1327 2608 theatro
1346 2573 1451 2607 miros
1471 2583 1531 2605 au·

861 2620 934 2653 dire
964 2620 1138 2663 tragoedos
1161 2619 1323 2664 putabat,
1352 2617 1529 2658 liber-atus,

862 2667 921 2698 Pol
939 2677 986 2698 me
1006 2666 1156 2706 occidistis
1174 2666 1287 2705 amici,
1319 2668 1397 2699 Non
1415 2665 1528 2708 servm

151 2714 305 2757 initante.
352 2712 525 2757 Graphice
553 2711 589 2746 δι
617 2711 747 2755 tragice
767 2708 817 2744 fa·
850 2711 930 2752 stis,
952 2712 998 2743 ait
1019 2711 1112 2755 apud
1134 2711 1219 2745 Hor.
1238 2709 1342 2757 Epist.
1356 2720 1385 2751 2,
1398 2718 1426 2744 2.
1439 2714 1504 2751 138.
