1612 2948
431 127 516 172 IN
572 125 1118 190 CLAUDIANUM
1326 126 1469 170 XXIX

254 232 511 282 ,‚mandavit‚
540 237 587 272 ut
617 229 798 272 studiofis
829 230 1055 286 quibusque
1086 229 1185 269 meis
1216 230 1325 283 typis
1355 243 1470 270 com-

256 290 550 340 „munstar-em.
609 288 744 338 Quem
762 295 807 329 tu
827 287 895 328 hic
913 287 1037 334 mihi,
1069 286 1227 342 inquis,
1257 286 1469 329 Claudiani

253 346 588 397 „emendatorem
609 344 779 386 narras?
807 344 874 387 An
895 358 980 385 non
1001 343 1110 384 hunc
1134 343 1262 398 ipsum
1283 352 1375 384 ante
1395 357 1468 384 an-

249 418 357 455 „nos
376 403 532 458 aliquot
545 401 628 457 gJ'o.
645 402 818 450 Camers,
837 416 922 443 non
934 402 986 444 ob
998 400 1256 456 multijugam
1267 401 1395 442 solum
1406 401 1468 442 le-

251 459 460 510 „Gtionem
475 489 486 508 ,
514 459 581 500 sed
613 474 743 500 raram
771 461 896 500 etiam
919 460 963 500 in
978 458 1166 512 juvandis
1187 459 1354 512 optimis
1376 460 1467 514 qui-

250 518 434 574 „busque
456 517 666 559 autoribus
696 515 931 558 industriam
956 516 1163 571 praecipue
1194 515 1467 570 suspiciendus

248 576 344 626 „vir
352 604 363 623 ,
394 582 586 629 tanquam
606 575 653 615 ab
675 573 817 615 inferis
839 571 1081 615 revocavit?
1120 573 1254 622 Quem
1275 573 1468 628 equidem

251 632 464 682 „fraudare
487 632 604 672 laude
625 631 692 671 sua
710 632 942 685 improbum
968 630 1087 684 plane
1118 631 1320 670 duxerim.
1372 631 1468 672 Plu-

253 691 432 740 „rimum
453 689 564 730 enim
587 688 671 729 illis
691 689 855 743 publice
881 688 1021 728 deberi
1049 688 1172 728 credo
1186 716 1197 735 ,
1227 688 1297 742 qui
1320 688 1363 727 in
1388 687 1468 729 hoc

251 745 549 798 ,‚incumbunt,
577 753 623 786 ut
652 745 826 799 collapsa
853 757 927 800 per
956 743 1198 784 vetustatem
1226 745 1469 799 scriptorum

252 809 545 854 „monumenta
576 801 811 843 restaurent.
867 802 995 856 Atqui
1026 800 1079 842 fic
1101 799 1196 848 fiet,
1224 809 1271 842 ut
1292 799 1472 843 Miclzaaz

250 860 499 912 ‚,Bentinus‚
527 857 628 900 ficut
657 857 849 915 fingulari
878 858 1044 914 pietatis
1072 857 1203 899 studio
1223 858 1469 900 immortali-

251 925 406 969 „tatem
424 929 520 959 curn
548 916 702 970 superis
725 915 957 971 assequutus
988 915 1067 963 est,
1096 916 1154 956 ita
1182 921 1352 970 propter
1377 917 1468 957 exi-

251 976 418 1025 ‚,rniam‚
447 987 527 1029 qua
542 974 706 1028 juvenis
727 974 858 1014 adhuc
877 973 1074 1028 praeditus
1094 973 1187 1021 fuit,
1217 972 1260 1014 &
1278 972 1469 1022 sanastam,

249 1046 359 1087 „qua
378 1033 422 1072 in
446 1038 635 1072 autorum
655 1030 1006 1073 lucubrationibus
1025 1030 1259 1085 reparandis
1285 1030 1378 1071 usus
1399 1031 1470 1079 est,

250 1089 525 1144 „religionem
545 1088 700 1129 aeterna
717 1089 826 1131 inter
845 1087 1040 1129 studiosos
1062 1089 1471 1136 commemoratione,

254 1147 470 1197 „certatim
486 1146 578 1199 jure
601 1147 758 1201 optimo
776 1145 1041 1187 celebrandus
1059 1144 1117 1186 fit.
1178 1146 1260 1186 Fac
1282 1145 1470 1186 collatio-

251 1217 388 1253 „nem‚
418 1202 461 1243 &
484 1203 652 1251 videbis,
682 1203 780 1258 quid
800 1200 937 1257 paffim
959 1203 1064 1243 lucis
1088 1217 1140 1242 ex
1163 1201 1285 1257 hujus
1305 1202 1469 1244 restitu-

252 1262 394 1310 „tione
413 1258 637 1300 Claudiano
659 1259 795 1301 nostro
815 1258 1045 1301 accesserit:
1077 1266 1177 1314 quot
1197 1260 1331 1300 ubivis
1354 1260 1470 1301 loco-

248 1331 371 1367 „rum
397 1316 521 1357 verba
540 1318 665 1358 natali
687 1316 816 1357 sensui
845 1317 1028 1358 restituta
1049 1316 1117 1371 *):
1160 1326 1261 1372 quot
1290 1316 1470 1359 versibus

249 1372 438 1429 „sparsim
460 1372 615 1422 anetus,
655 1376 724 1429 qui
743 1376 842 1415 dum
860 1373 1197 1421 desiderabantur,
1226 1381 1376 1429 quanta
1396 1376 1469 1416 ob-

255 1432 472 1482 „scuritate
505 1438 618 1472 vates
652 1432 923 1480 laboraverit,
951 1432 1070 1473 facile
1103 1430 1300 1472 studiosus
1332 1433 1472 1485 quivis

253 1488 575 1543 „deprehendet.
661 1486 766 1530 Usus
793 1488 873 1531 fuit
905 1489 1206 1543 exemplaribus
1239 1490 1472 1531 veneranda

248 1544 479 1597 „vetustate
512 1547 928 1588 commendabilibus:
968 1559 1143 1601 quorum
1172 1546 1348 1587 alterum
1376 1546 1470 1602 sup-

250 1604 478 1658 „peditavit
511 1618 717 1651 capra-o,
749 1605 819 1659 qui
848 1603 891 1646 &
921 1604 1004 1659 ipse
1036 1610 1187 1659 praetei·
1219 1603 1470 1658 syncerioris

251 1661 525 1716 „Theologiae
555 1660 866 1716 professionem,
915 1661 1183 1702 humanitatis
1223 1661 1351 1702 studia
1385 1668 1471 1703 tam

251 1719 393 1773 „juvat
413 1717 584 1767 assiduo,
614 1733 734 1775 quam
754 1718 932 1760 sedulam
952 1719 996 1759 in
1018 1719 1101 1759 illis
1122 1731 1290 1773 operam
1313 1718 1472 1774 semper

252 1776 514 1826 „coli0cavit.
574 1776 633 1817 Ea
655 1778 821 1832 inquam
839 1776 1091 1831 exemplaria
1114 1784 1197 1816 tam
1214 1776 1296 1817 acri
1313 1776 1472 1829 judicio

247 1846 395 1889 „quam
423 1846 550 1887 opera
578 1834 769 1889 diligenti
795 1834 983 1874 contulit.
1067 1832 1254 1875 Contulit
1278 1846 1377 1873 vero
1399 1835 1472 1881 ita,

250 1903 331 1939 „ne
350 1890 555 1945 ambiguis
579 1892 621 1932 in
644 1892 748 1933 loeis
770 1890 917 1932 Ιεξὶοτί
937 1889 1078 1931 nasuto
1099 1891 1210 1932 fraus
1231 1888 1373 1932 fieret:
1403 1897 1470 1932 to-

207 1947 491 2001 „leprabilem
508 1948 620 1987 enim
642 1954 850 2003 utcunque
868 1947 1092 1989 leffionem
1109 1948 1363 2002 marginibus
1385 1946 1471 1989 affi-

247 2010 442 2060 „gnatam
481 2004 648 2046 leftoris
680 2005 927 2060 superciliosi
961 2005 1128 2046 arbitrio
1158 2006 1326 2060 reliquit
1360 2006 1470 2047 inte-

252 2074 408 2115 „gram
467 2061 544 2103 Cui
567 2062 843 2117 castigationi,
871 2071 1018 2118 utpote
1038 2062 1288 2117 posthumae,
1312 2063 1469 2105 succes-

249 2116 324 2168 „fit
351 2118 456 2167 alia,
482 2119 598 2160 velut
624 2120 773 2160 tutoris
805 2118 942 2162 officio
964 2119 1126 2162 funeta:
1154 2119 1400 2175 postremam
1418 2120 1469 2163 fi-

251 2176 446 2230 „quidem
476 2190 645 2217 manum
678 2177 824 2231 adjecit
855 2192 922 2218 10.
959 2190 1223 2219 HONTERUS
1256 2176 1469 2219 Coronen-

251 2231 352 2282 „fis,
381 2234 476 2288 qui,
504 2241 551 2274 ut
573 2236 618 2274 in
648 2235 970 2276 administrandis
991 2235 1196 2276 Musarum
1221 2235 1343 2276 sacris
1363 2238 1468 2277 mire

250 2290 373 2344 „pius
394 2289 474 2337 est,
505 2291 563 2331 ita
594 2291 817 2346 susceptum
846 2292 915 2333 hic
946 2306 1108 2349 quoque
1137 2293 1287 2333 tutoris
1317 2306 1466 2335 munus

249 2352 392 2397 „tanta
411 2344 492 2388 fide
515 2350 696 2397 curavit,
724 2356 772 2390 ut
791 2363 876 2391 non
897 2350 1036 2390 facile.
1065 2347 1139 2390 nifi
1161 2349 1367 2404 malignus
1391 2351 1467 2390 ali-

251 2405 395 2459 „quis,
423 2406 535 2446 diem
553 2406 616 2446 illi
646 2406 751 2447 male
773 2407 898 2448 obitae
920 2405 1145 2448 funfflonis
1169 2407 1384 2462 quisquam
1406 2408 1467 2448 di-

248 2474 374 2509 „cere
392 2460 558 2516 possm„
586 2463 687 2504 Haec
707 2464 776 2505 ibi.
804 2464 873 2505 Est
903 2466 1012 2505 inter
1039 2464 1167 2505 libros
1189 2477 1304 2504 meos
1322 2477 1466 2505 exem-

243 2517 362 2573 plum
385 2519 507 2574 hujus
526 2521 720 2562 editionis
740 2519 944 2563 beneficio
964 2520 1030 2564 Ill.
1057 2518 1463 2618 Weiclzmannffon-

1339 2579 1460 2621 iliarii

80 2642 337 2728 hig)ac{¹gsrf1¹1³·{⁵
362 2648 444 2685 hinc
460 2647 635 2697 *colligam
658 2649 793 2696 aliquid
821 2650 1064 2697 explicationis
1083 2657 1143 2685 aut
1166 2649 1462 2696 interpretationis
