1612 2948
396 93 827 140 INRUFINUM
885 95 1026 138 LIB.
1056 94 1099 138 11
1318 115 1372 156 42

182 194 370 236 Proditor
398 207 504 235 unus
535 195 646 234 iners
678 193 847 250 angusto
878 201 1066 249 tempore
1087 196 1223 237 vertit.

233 269 340 311 Urbs
363 270 500 316 etiarn,
531 282 691 324 magnae
719 284 810 324 quae
830 270 978 310 dicitur
1000 271 1148 312 aemula
1158 271 1316 323 Romae,

64 355 106 396 55
175 344 228 386 Et
251 343 546 386 Chalcedonias
579 353 719 384 contra
751 342 955 399 despectat
986 358 1141 394 arenas,

110 450 111 453 η
175 420 263 468 Jam
283 434 366 461 non
389 419 566 461 finitimo
600 420 743 461 Martis
764 427 922 461 terrore
952 428 1167 470 movetur5

173 491 253 533 Sed
280 495 449 548 propius
477 493 616 533 lucere
635 493 766 542 faces,
795 493 836 534 &
864 507 983 534 rauca
1011 493 1154 534 sonare

173 565 359 615 Cornua,
399 567 649 621 vibratisque
669 567 754 621 peti
785 565 941 620 fastigia
960 566 1056 607 telis

170 640 366 695 Adspicit.
407 641 451 682 hi
478 642 593 696 vigili
624 653 764 682 muros
794 640 965 682 statione
986 641 1111 690 tueri,

65 718 116 754 60
181 716 234 756 Hi
253 715 407 769 “mnffis
441 722 664 773 properant
693 722 839 771 portus
868 716 1030 756 munire
1049 717 1213 758 earinis,

107 777 112 781 ’
170 789 332 831 Obseffa
353 798 489 831 tamen
519 790 591 830 ilie
620 789 734 831 ferus
757 790 920 832 laetatur
939 790 983 830 in
999 790 1114 838 urhe,

177 864 442 919 Exsultatque
472 865 600 904 malis.
630 863 869 918 summoque
902 876 925 903 e
952 863 1134 905 culmine
1163 866 1291 908 turris

173 938 305 992 Impia
339 938 467 978 vicini
499 939 632 978 cernit
664 935 891 993 spectacula
921 938 1067 991 campi.

176 1009 348 1054 Vinstas
369 1012 429 1052 ire
451 1024 604 1059 nurus,
634 1010 745 1052 hunc
771 1012 815 1051 in
847 1012 948 1051 vada
967 1011 1156 1065 proxima
1185 1016 1319 1069 mergi

62 1088 108 1134 63
175 1083 453 1134 seminecem,
483 1085 593 1127 hunc
624 1084 757 1126 subito
790 1084 1020 1140 percussum
1046 1085 1217 1127 vulnere
1235 1089 1318 1131 labi

176 1161 288 1203 Dum
306 1160 437 1216 fugit,
468 1161 577 1201 hunc
598 1162 776 1202 animam
805 1162 937 1216 portis
964 1160 1102 1203 efflare
1122 1161 1190 1203 sub
1212 1162 1321 1218 ipfis,

175 1238 265 1280 Nec
296 1250 419 1278 canos
452 1236 636 1291 prodefl'e
668 1237 773 1284 seni,
802 1238 1003 1292 puerique
1034 1251 1181 1278 cruore

174 1311 385 1352 Maternos
405 1310 558 1350 undare
580 1309 702 1350 finus.
733 1309 927 1351 immensa
948 1310 1152 1365 voluptas,

177 1385 231 1426 Et
252 1385 354 1425 risus
373 1384 615 1439 plerumque
636 1384 753 1425 subit.
783 1385 902 1425 dolor
926 1382 1052 1426 afficit
1079 1397 1200 1433 unus,

4 1476 5 1480 ¹
60 1471 112 1514 70
170 1459 293 1509 Quod
313 1457 435 1499 feriat
467 1470 552 1498 non
571 1457 656 1512 ipse
676 1470 812 1499 manu.
843 1457 957 1499 videt
985 1459 1123 1499 omnia
1142 1459 1226 1500 late

170 1534 369 1588 Exceptis
391 1533 555 1574 incensa
575 1533 676 1580 suis,
716 1532 759 1575 &
788 1533 960 1574 crimine
982 1540 1098 1574 tanto

169 1607 396 1655 Luxuriat,
429 1620 650 1662 carumque
671 1604 743 1647 fibi
771 1620 856 1647 non
890 1607 1033 1648 abnuit
1062 1606 1236 1648 hostem.

170 1680 433 1736 jatrabatque
463 1679 598 1727 ultro,
639 1680 747 1735 quod
776 1680 850 1721 soli
879 1679 1004 1720 castra
1022 1687 1225 1735 paterent,

171 1753 498 1809 Sermonumque
537 1753 645 1794 foret
682 1754 841 1794 vicibus
871 1752 1058 1809 permissa
1085 1754 1261 1810 potestas
1272 1757 1289 1803 ,'

59 1839 107 1880 75
176 1829 348 1883 Egregii
369 1828 532 1884 quoties
565 1826 710 1868 exiffet
738 1827 908 1868 foederis
931 1826 1084 1869 auctor.

169 1902 351 1958 Stipatur
382 1903 524 1950 sociis,
561 1903 798 1957 circumque
827 1910 980 1943 armata
1010 1903 1210 1944 clientum

1275 1976 1457 2030 Agmina

61 2082 104 2116 54
130 2071 273 2106 ducitur
306 2073 383 2108 MS.
513 2073 556 2116 63
582 2071 707 2118 spe&at
737 2073 924 2107 certamina
951 2074 998 2106 al.
1040 2071 1152 2106 cernit
1187 2073 1375 2106 certamina
1410 2075 1455 2107 al.

62 2118 108 2161 64
128 2129 186 2163 pro
210 2129 342 2159 nuruS,
374 2129 496 2152 manus
525 2121 567 2153 al.
600 2119 725 2152 domus
755 2119 859 2161 Cujac.
889 2119 930 2151 ad
958 2120 1028 2161 Bas?
1061 2128 1123 2162 per
1150 2117 1237 2150 vada
1267 2119 1391 2151 caerula
1412 2122 1457 2152 al.

61 2175 150 2210 vaga
181 2164 304 2197 caerula
327 2166 369 2197 al.
506 2163 552 2198 66
586 2163 713 2209 spirare
735 2166 777 2198 al.
826 2166 916 2197 Forte
944 2163 1054 2208 portis
1092 2162 1244 2196 animam
1275 2162 1456 2208 exspirare.

153 2209 194 2252 67
206 2220 423 2254 puerumque
434 2227 447 2232 -
457 2208 585 2244 foedare
599 2211 642 2243 al.
665 2211 762 2243 etiam
780 2210 849 2252 Cuj.
870 2210 911 2242 ad
921 2210 991 2252 Bas.
1073 2217 1106 2251 71
1120 2209 1302 2253 Praeceptis
1322 2212 1365 2244 al.

383 2264 423 2298 75
434 2254 565 2295 funeris
577 2257 647 2299 Bafi
666 2267 770 2300 marg.
842 2254 885 2297 76
900 2252 1044 2299 stipatus
1056 2255 1126 2298 Bas.

108 2349 144 2382 53
169 2342 319 2375 Proditor
340 2352 443 2381 unuS,
467 2341 628 2382 Rufinus,
653 2341 737 2375 dum
782 2339 1020 2375 vehementius
1059 2339 1220 2374 videtur:
1271 2341 1456 2386 instigante

64 2385 119 2418 vel
138 2386 288 2419 concitat
307 2387 360 2420 vel
381 2398 451 2421 non
479 2388 639 2432 reprimit
658 2386 734 2420 bar·
781 2385 910 2419 Rufino
928 2385 1018 2419 saevit
1032 2384 1145 2419 hostis.
1191 2388 1320 2421 Verum
1343 2387 1455 2432 priori

65 2427 184 2471 baros,
217 2430 337 2465 harum
361 2432 527 2476 stragium
556 2442 588 2466 et
617 2434 732 2467 ruina·
782 2431 921 2465 leffloni
935 2429 1026 2464 favet
1043 2429 1132 2464 illud
1153 2443 1218 2464 non
1235 2432 1357 2465 abnuit.
1398 2434 1455 2465 In—

65 2485 142 2508 rum
163 2475 279 2510 auctor
298 2478 333 2511 &
352 2477 448 2511 causa
469 2477 525 2512 est.
780 2486 912 2510 certum
924 2476 1078 2521 quidem,
1103 2475 1124 2509 fi
1139 2475 1245 2510 solum
1260 2476 1346 2510 illud
1359 2475 1452 2518 effer,

110 2529 151 2562 54
173 2519 326 2555 Verbum
345 2525 463 2557 dicitur
483 2523 625 2558 videtur
655 2534 735 2558 cum
781 2523 925 2556 crimen.
970 2523 1061 2555 Nam
1072 2520 1248 2555 Hannibal
1267 2522 1452 2564 Liv.22,23

61 2564 201 2600 invidia
247 2567 395 2610 quadam
440 2569 608 2613 positum:
665 2580 735 2603 non
781 2569 938 2602 Omnibus
966 2569 1047 2600 circu
1067 2569 1134 2610 fido
1155 2569 1308 2610 aequati5‚
1332 2569 1370 2601 ab
1390 2581 1454 2602 uno

65 2610 217 2655 agnoscit
253 2615 355 2655 poeta
383 2613 738 2658 Constantinopolin,
781 2614 872 2647 Fabii
899 2625 976 2657 agro
1007 2634 1036 2639 --
1061 2613 1129 2645 vim
1158 2623 1280 2645 omnem
1318 2614 1453 2653 hostium

63 2666 188 2690 novam
211 2658 377 2698 Romam,
398 2660 565 2702 aequalem
585 2660 703 2694 veteri.
779 2659 927 2700 abstineri
947 2659 1056 2700 juffit‚
1102 2666 1140 2690 ut
1176 2660 1293 2690 occulti
1315 2659 1452 2702 alicujus

109 2711 142 2744 71
168 2703 315 2745 Exceptis
336 2705 407 2746 suis
436 2705 591 2745 indicat,
624 2705 737 2750 parci·
776 2706 864 2750 pasti
884 2716 919 2737 ea
947 2715 1061 2738 merces
1080 2704 1188 2736 videri
1208 2704 1315 2747 poffer.

60 2754 138 2783 tum
165 2745 371 2784 suburbanis
388 2748 519 2788 Rufini.
565 2752 737 2795 Praecptis
1260 2749 1265 2757 ¹
