1612 2948
335 158 410 201 DE
451 156 514 199 ΡΙ.
552 153 745 198 MALLII
771 155 975 199 THEOD.
1012 155 1154 200 CONS

1293 170 1352 200 211

58 271 122 301 1²0
171 256 374 312 Signifer,
405 254 448 296 &
472 252 812 310 noffishreparant:
837 255 1041 310 dispendia
1063 254 1216 298 Chelae.

169 332 252 372 Pax
273 330 436 376 avibus,
461 330 714 384 quacumque
735 329 872 378 volat;
901 329 1133 386 rabiemque
1156 330 1377 373 frementes

164 401 399 457 Deposuere
429 400 541 441 ferae.
570 400 732 442 laetatur
753 408 861 443 terra
890 402 1052 442 reverso

169 475 370 521 Numine,
392 474 499 528 quod
521 474 639 528 prisci
664 473 749 528 post
771 481 958 528 tempora
975 475 1148 529 perdidit
1167 478 1266 518 auri.

221 547 298 588 Illa
321 560 394 601 per
418 547 624 587 occultum
641 545 838 601 Ligurum
867 546 906 586 se
932 548 1138 589 moenibus
1158 547 1293 598 infert,

57 633 122 672 τις
162 623 217 665 Et
236 623 364 664 castos
384 623 544 664 levibus
566 623 716 677 plantis
738 621 912 677 ingressa
930 622 1101 664 Penates

166 699 332 741 Invenit
352 699 545 739 aetherios
568 697 792 752 fignantem
807 697 977 752 pulvere
998 699 1134 740 cursus
1146 712 1160 748 ;

169 773 286 822 Quos
314 772 381 826 pia
404 771 577 812 sollicito
596 771 810 825 deprendit
836 771 990 825 pollice
1010 772 1238 826 Memphis:

163 847 268 896 Quae
289 851 482 885 moveant
502 851 707 884 momenta
722 843 863 899 polum
875 873 885 892 ,
905 857 1024 899 quam
1042 852 1179 886 certus
1199 847 1243 888 in
1260 845 1375 888 astris

166 918 303 961 Error.
332 918 422 973 quis
441 917 627 958 tenebras
648 914 734 960 Soli
755 914 959 972 causisque
981 925 1186 959 meantem

61 1130 119 1163 125
143 1120 244 1157 vastis
263 1124 338 1158 MS.
370 1118 530 1167 plaustris
548 1123 638 1167 vulg.
661 1120 813 1156 claustris
834 1121 914 1164 conj.
932 1121 1042 1156 Barth.

787 991 825 1033 O
852 1005 876 1031 2.
1306 993 1432 1037 Defe-

1135 1120 1194 1156 126
1220 1120 1257 1155 in
1275 1122 1370 1166 pulv.
1387 1124 1430 1158 al.

343 1177 401 1212 129
426 1168 513 1202 Solis
530 1170 621 1212 vulg.
651 1169 709 1210 nifi
731 1169 813 1212 quod
831 1167 901 1202 Soli
927 1169 1000 1201 Vir.
1019 1167 1053 1203 θ’
1069 1167 1146 1201 Ala.

102 1290 158 1315 120
184 1282 286 1315 Chelae
307 1279 340 1315 h.
360 1293 387 1315 e.
407 1279 546 1315 brachia
566 1280 603 1315 ἃ
620 1279 724 1315 forci-

56 1336 118 1370 pes
147 1326 298 1370 Scorpii,
332 1336 426 1360 erant
454 1325 722 1370 antiquioribus,

57 1369 120 1404 ubi
159 1369 317 1412 Libram,
369 1372 539 1417 peculiare
576 1370 720 1412 furnum,

57 1414 198 1460 posuere
216 1415 351 1459 posteri.
397 1419 457 1450 Hae
477 1415 578 1449 chelae
603 1424 721 1460 ignant

55 1460 190 1502 locum,
218 1461 254 1493 in
279 1472 349 1505 quo
376 1461 433 1495 Sol
461 1460 542 1495 facit
569 1462 722 1505 aequino-

59 1506 186 1546 &iun-i,
213 1503 273 1539 ubi
295 1505 470 1540 breviores
490 1516 565 1549 quae
587 1504 723 1539 fuerant

59 1561 120 1595 per
157 1550 301 1584 aestatem
330 1551 465 1593 11οᾶ85,
500 1550 646 1585 redeunt
679 1549 722 1584 ad

61 1595 299 1639 aequalitatem.

107 1650 163 1682 ¹24
185 1642 246 1673 Per
271 1642 445 1683 occultum,
473 1642 556 1687 quia
584 1640 644 1675 sub
662 1641 724 1674 illo

61 1686 167 1719 nimbo
192 1684 295 1726 latet,
324 1685 366 1719 dc
393 1696 462 1730 quo
490 1699 521 1721 v.
544 1692 612 1725 118.
667 1687 726 1719 Lr'-

57 1742 176 1774 gurum
213 1732 329 1764 moenia
364 1731 523 1766 Barthius
561 1733 727 1775 interpre-

61 1785 155 1809 tatur
202 1775 465 1817 Mediolanum3
524 1785 557 1809 et
606 1775 725 1818 inultis

59 1819 262 1854 testimoniis
280 1817 423 1865 probat,
443 1832 515 1854 eam
534 1830 609 1854 tum
628 1818 726 1853 fuisse

62 1875 168 1911 caput
207 1864 346 1910 iinperii
385 1866 627 1900 occidentalis:
669 1863 726 1897 sed

61 1909 127 1944 hoc
164 1908 338 1944 ostendere
372 1909 537 1952 debebat,
577 1909 724 1955 Liguriae

62 1964 167 2000 caput
193 1953 314 1997 fuisse,
345 1955 380 1990 &
409 1954 458 1990 ibi
487 1957 524 1989 in
549 1955 620 1990 otio
650 1963 725 1988 tum

61 1998 428 2036 vixisse-Theodorum.
473 2002 646 2034 Neutrum
676 1999 725 2032 ita

62 2043 127 2079 effe
154 2043 322 2086 arbitror,
350 2045 386 2080 &
402 2046 571 2090 Ligurum
600 2044 726 2078 incenia

64 2092 222 2125 Genuam
251 2090 387 2134 potius,
422 2091 477 2124 vel
504 2090 726 2131 Intimelium‚

63 2135 116 2169 vel
129 2180 133 2181 ⁷
145 2146 386 2180 quamcunque
410 2136 560 2181 Liguriae
592 2133 726 2177 urbem,

63 2180 269 2225 intelligam.

109 2235 164 2265 125
188 2226 268 2268 Casti
299 2227 450 2266 Penates,
479 2225 595 2260 latiori
628 2224 728 2260 intel-

64 2269 174 2311 lestu,
201 2280 240 2304 ut
257 2271 343 2312 Casta
358 2273 452 2309 ,Deus
470 2283 556 2304 mens
575 2270 635 2312 est.-
656 2272 729 2313 casti

68 2316 202 2349 Penates
219 2314 341 2350 domus
359 2315 488 2357 santsta,
516 2317 552 2350 δε
579 2327 596 2350 a
626 2314 728 2350 foedi·

66 2368 136 2392 tate
157 2358 330 2404 sanguinis
348 2362 495 2406 pariter,
519 2362 554 2395 δε
573 2360 729 2396 sordibus

67 2404 236 2445 avaritie,
275 2414 376 2449 atque
412 2405 604 2440 libidinum
633 2417 730 2440 coeno

67 2459 175 2493 pura:
197 2452 279 2483 leves
294 2451 414 2494 planta·
434 2451 601 2496 virginis,
622 2451 729 2493 alatae,

70 2495 153 2527 Deae
172 2494 329 2538 denique.

116 2538 171 2573 126
205 2540 318 2572 Pulvis
342 2538 398 2574 hic
424 2539 470 2574 est
496 2541 652 2576 eruditus
672 2541 731 2576 ille

70 2584 353 2625 Geometrarum,
375 2595 445 2628 quo
464 2585 650 2620 utebantur
691 2595 731 2620 ut

70 2627 169 2662 radio
186 2628 237 2661 illi
257 2627 475 2664 inscriberent
494 2630 621 2676 figuras
644 2615 730 2666 suas».

117 2682 170 2715 ¹27
194 2674 352 2717 Memphis
367 2676 434 2718 pia,
455 2675 608 2721 religiosa
619 2677 731 2711 omnis

71 2716 275 2764 Aegyptus,
294 2718 330 2753 &
353 2719 514 2757 omnibus
532 2721 730 2759 cerimoniis

765 1280 913 1315 aliorum
952 1290 1092 1326 quoque
1130 1280 1341 1325 populorum
1391 1295 1431 1319 ea

765 1326 949 1370 praesertim
993 1333 1089 1359 aetate
1133 1325 1260 1361 dedita.
1323 1328 1430 1364 Artsta

766 1370 949 1415 praesertim
968 1370 1109 1404 vincula
1124 1369 1368 1414 Astronomiae,
1388 1384 1429 1408 ut

766 1416 802 1449 in
814 1416 975 1467 Aegypto
986 1415 1172 1456 colebatur,
1192 1416 1227 1449 &c
1237 1415 1430 1461 religionis,

762 1460 1078 1505 superstitionisque
1097 1460 1181 1494 adeo
1202 1471 1347 1504 norunt,
1368 1466 1429 1508 qui

766 1506 985 1539 Ptolemaeum
1013 1506 1177 1550 illiusque
1208 1505 1432 1544 admiratores

765 1550 1077 1592 Melanchthonem,
1089 1550 1431 1593 Camera1·ium,Ran-

768 1596 907 1629 zovium
920 1622 928 1637 ‚
949 1606 1018 1629 non
1037 1595 1209 1640 ignorant.
1276 1599 1430 1634 Pollicem

760 1642 936 1684 Jbllicitum
956 1641 978 1674 i.
1001 1641 1197 1684 inquietum
1217 1641 1428 1679 &efficacem

769 1695 839 1718 non
856 1685 922 1718 line
943 1685 1040 1718 causa
1067 1683 1211 1728 positum
1229 1684 1311 1728 effe,
1340 1688 1433 1724 arbi-

770 1739 862 1763 tror:
887 1741 962 1774 quae
979 1729 1038 1763 illa
1058 1730 1115 1772 fit,
1148 1741 1217 1764 non
1236 1742 1331 1776 aeque
1350 1733 1433 1768 faci-

770 1775 802 1807 le
829 1774 1076 1808 comminiscor.
1143 1777 1200 1808 An
1230 1776 1266 1808 iu
1290 1778 1387 1813 radio
1410 1779 1432 1815 s.

768 1820 896 1853 circino
925 1818 1101 1854 uastando
1126 1820 1313 1865 peculiaris
1354 1824 1434 1860 usus

770 1874 841 1897 erat
859 1864 995 1908 pollicis
1007 1865 1024 1898 ’ἐ
1324 1896 1328 1900 .

814 1915 868 1948 128
900 1912 1063 1944 Momentn
1091 1922 1170 1945 cum
1197 1912 1359 1948 allusione
1387 1916 1430 1950 ad

770 1953 914 1988 verbum
932 1965 1088 1989 moveant.
1111 1959 1327 1992 Momentum
1338 1962 1431 1996 enim

769 2001 836 2041 est,
865 1999 1040 2043 quidquid
1072 2000 1172 2035 habet
1195 2004 1266 2036 vim
1291 2015 1431 2040 moven-

769 2044 817 2078 di.
862 2047 972 2079 Certus
1000 2057 1086 2078 error
1115 2056 1231 2088 acute,
1259 2048 1301 2082 de
1329 2052 1431 2086 certis

769 2090 806 2123 ἃ
845 2087 1022 2134 descriptis
1060 2090 1176 2136 spatiis
1213 2093 1429 2132 planetarum

770 2133 804 2168 h.
822 2145 848 2169 e.
867 2145 1040 2169 erronum.

815 2189 875 2224 129
885 2181 1017 2213 invenit
1028 2179 1152 2215 Astraea
1162 2182 1320 2218 Mallium
1332 2185 1430 2222 suum

770 2225 889 2266 radio,
913 2225 949 2260 &
968 2225 1161 2261 rationibus
1181 2228 1354 2273 agitandis
1373 2244 1430 2266 ex-

770 2270 982 2316 quirentem,
1011 2273 1080 2316 quis
1105 2284 1254 2307 ‘numerus
1283 2275 1430 2319 dierum,

770 2315 1002 2360 betarumque
1040 2318 1180 2359 indicat,
1232 2319 1429 2364 denunciet,

774 2362 841 2397 Soli
874 2363 1016 2395 tenebras
1046 2363 1080 2397 δε
1114 2362 1251 2408 eclipsin
1288 2364 1308 2399 s.
1343 2369 1431 2409 defe-

774 2408 856 2440 stum
873 2417 891 2439 a
905 2409 998 2448 causis
1010 2406 1225 2442 naturalibus
1239 2410 1432 2454 profectum

773 2451 806 2486 &
820 2452 1095 2497 progredientem
1113 2451 1134 2486 s.
1145 2464 1309 2495 meantem.
1327 2457 1435 2492 Amat

771 2497 838 2531 hoc
859 2495 1001 2530 verbum
1021 2497 1151 2538 noster,
1171 2508 1211 2532 ut
1228 2510 1281 2542 21,
1303 2510 1343 2535 10
1368 2503 1434 2535 Or-

773 2543 847 2576 dine
875 2550 950 2575 vota
976 2552 1090 2577 meant.
1131 2544 1185 2578 Sic
1203 2554 1238 2586 3,
1262 2545 1322 2584 186
1365 2549 1434 2581 Par

766 2590 890 2632 smper
898 2588 1068 2632 fimitis-que
1088 2597 1170 2622 meat
1187 2590 1343 2624 Oceanus.
1377 2591 1438 2626 Sic

775 2632 838 2666 hoc
856 2632 927 2678 ipso
939 2633 1090 2666 carmine
1106 2644 1136 2667 v.
1152 2643 1215 2678 104
1238 2637 1342 2671 varior
1351 2647 1435 2672 mea-

774 2686 826 2715 tus
844 2675 946 2716 stellis
966 2676 1101 2714 tribuit.
