1612 2948
327 106 330 107 *
392 127 466 171 IN
526 125 1073 169 CLAUDIANUM
1285 126 1430 169 xxm

190 228 309 282 agina
335 236 627 267 CIDIO'LxxII.
699 226 764 267 Ad
794 225 853 267 Cl.
885 225 1097 267 Claudiani
1125 223 1179 269 V.
1217 224 1262 265 C.
1291 224 1429 278 Opera

189 284 325 324 lartini
361 284 534 334 Antonii
567 283 709 324 Delrio
737 292 871 332 notae,
908 283 1002 323 ibid.
1035 277 1132 332 1572.
1222 281 1429 337 Epistolae‚

164 345 245 397 qua‘
273 338 417 390 auftor
445 336 550 394 patri
579 341 782 382 dedicavit
810 341 996 382 libellum
1016 339 1278 394 subscriptum
1298 339 1431 379 Lova-

162 399 223 439 nii
241 397 293 439 A.
314 397 364 439 D.
383 397 460 440 IV.
491 397 630 439 Nonas
652 399 817 439 Martias
832 427 842 445 ,
866 398 948 439 clo.
963 398 1018 438 lo.
1035 411 1145 437 LXXI
1155 411 1188 437 1.
1246 397 1323 438 Hic
1356 409 1429 435 au-

163 453 253 496 &or
280 454 336 495 est
359 455 514 495 ordinis
535 457 760 496 carminum
783 457 983 510 majorum
1005 454 1198 502 historici,
1228 455 1342 508 cujus
1366 466 1431 492 ra-

155 513 316 554 tionem
335 512 468 553 reddit:
490 513 531 552 in
552 514 816 567 praefatione:
847 514 917 568 qui
939 514 981 553 in
1000 526 1049 552 eo
1064 520 1222 553 tanturn
1243 513 1289 551 ab
1302 511 1432 551 Hein-

162 569 271 610 fiano
301 569 461 619 differt„
479 572 600 624 ⁸quod
625 572 672 612 de
699 569 886 610 laudibus
916 571 983 610 vel
1008 568 1219 624 Confidam
1243 566 1432 610 Stilicho-

159 628 226 668 nis
248 628 412 668 tertium
427 657 436 674 ,
467 636 587 668 vocat
620 629 661 668 in
686 627 940 682 Consulatum
958 626 1177 681 secundum
1196 623 1431 668 Stilichonis

160 684 204 725 &
225 684 393 739 subjicit
401 683 523 739 sexto
548 684 778 740 Consul'c'ztzci
795 684 986 729 Honor-ii.
1043 684 1114 739 Est
1133 697 1253 737 penes
1274 696 1348 723 me.

46 736 68 760 ³⁸
82 742 187 782 1602.
216 755 254 791 4.
288 780 289 784 ,
312 742 372 783 Cl.
384 742 607 790 Claudiani,
627 747 763 797 poe-'tae
788 742 831 782 in
854 741 923 782 suo
940 755 1092 795 genere
1110 743 1309 796 principis
1330 753 1431 794 ope-

46 807 48 810 ’
162 812 227 848 ra,
256 798 361 840 serio
386 801 620 848 emendata,
648 812 782 853 neque
802 812 886 839 non
907 798 1036 846 aneta,
1064 812 1117 839 ex
1137 797 1218 838 fide
1236 806 1336 838 vett.
1353 798 1432 838 Co-

160 857 320 904 dicum,
347 859 417 912 qui
438 855 537 896 olim
556 858 599 896 in
622 857 877 898 Bibliotheca
891 855 1118 909 Cujaciana.
1175 855 1279 897 Cum
1301 868 1430 895 anno-

159 914 384 955 tationibus
419 915 630 968 perpetuis
651 913 707 954 St.
730 913 909 955 Claverii
939 914 981 953 in
1010 914 1114 968 supr.
1138 913 1260 954 Curia
1281 913 1434 966 (Bitu-

157 971 289 1024 rigis)
312 971 527 1012 Advocati.
583 972 649 1013 Ad
667 970 853 1012 Serenifl'.
873 972 1107 1026 divinaeque
1121 971 1294 1025 originis
1319 970 1433 1024 prin-

158 1029 294 1082 cipem
321 1029 507 1071 Franciae
538 1029 804 1083 Delphinum.
873 1028 1046 1083 Adjefita
1076 1027 1133 1070 est
1161 1029 1325 1069 coronis
1354 1028 1434 1067 mi-

159 1085 303 1132 scella,
333 1085 367 1134 J.
388 1085 583 1127 Parrhasii
612 1085 781 1134 selefm,
811 1086 853 1128 δε
872 1086 926 1126 Μ.
949 1087 1122 1127 Antonii
1143 1086 1276 1126 Delrii
1307 1093 1432 1132 notae,

159 1157 215 1183 ne
250 1144 347 1198 quid
375 1143 471 1184 huic
503 1145 674 1185 editioni
704 1139 835 1185 deesse
866 1144 1062 1184 videatur.
1141 1142 1297 1184 Parisiis
1328 1142 1436 1197 apud

161 1201 297 1243 Nicol.
320 1201 438 1241 Buon
469 1201 527 1241 in.
543 1209 684 1242 monte
706 1201 756 1242 D.
779 1201 925 1242 Hilarii
959 1201 1026 1241 sub
1050 1199 1164 1255 signo
1187 1200 1432 1256 D.‚C1audii.

160 1258 217 1299 M.
228 1257 356 1300 DCII.
377 1271 470 1299 cum
487 1259 709 1314 privilegio
730 1260 855 1314 regis.
908 1258 1047 1299 Habet
1060 1255 1315 1299 Bibliotheca
1329 1258 1433 1299 Got-

159 1314 364 1369 tingensts.
611 1352 621 1362 ,

188 1373 252 1416 De
284 1372 527 1428 praefatione
554 1372 646 1414 haec
675 1372 926 1414 delibamus:
969 1373 1071 1429 Quis
1100 1372 1184 1430 ῧο.
1211 1373 1434 1414 Cmnertem

215 1429 339 1485 digne
361 1429 614 1479 laudaverit,
642 1444 661 1471 e
683 1430 797 1485 cujus
818 1430 993 1484 epomide
1022 1430 1130 1486 (fic,
1161 1437 1282 1486 puto,
1314 1438 1435 1472 vocat

216 1488 419 1530 cucullam
438 1486 478 1528 S.
501 1489 535 1530 F
538 1488 728 1543 rancifci)
759 1488 868 1544 quod
889 1502 1034 1530 mrum
1054 1488 1175 1544 siv-ml
1192 1486 1249 1528 ἀὲ
1263 1488 1435 1541 prcecla-

216 1560 309 1586 rum
329 1545 392 1603 est,
423 1544 487 1586 hic
505 1550 627 1600 poem
641 1552 820 1600 quamtus
840 1552 1020 1601 quantus
1039 1547 1149 1587 mim
1170 1545 1254 1586 lnce
1276 1544 1324 1588 85³
1339 1559 1434 1586 can-

218 1603 336 1652 dore,
382 1605 647 1659 quammnvz's
669 1602 790 1658 senili
820 1603 1051 1659 conspicuus
1080 1603 1128 1659 se
1156 1601 1257 1644 mila·
1294 1603 1359 1644 vel
1388 1604 1432 1644 in

218 1659 364 1717 trafitu
388 1662 559 1702 exeruit,
616 1661 777 1702 Deinde
797 1661 1070 1709 Parrhasium,
1095 1662 1306 1708 Delrium,
1335 1661 1432 1702 Pul-

216 1733 413 1770 mannum
432 1719 511 1760 suis
533 1718 683 1760 mattat
704 1720 878 1774 elogiis,
910 1719 977 1760 sed
1001 1719 1106 1760 nihil
1128 1718 1329 1773 singulare
1361 1725 1432 1760 aut:

216 1779 411 1833 ignotum
438 1777 695 1818 habentibus.
755 1777 818 1818 De
850 1777 1018 1832 Cujacio
1052 1778 1149 1832 quid
1175 1778 1306 1825 dicat,
1337 1790 1432 1817 cum

215 1849 332 1877 rarus
356 1836 443 1890 jar'n
480 1835 581 1876 olim
602 1834 731 1876 fuerit
751 1835 879 1881 liber,
909 1847 1131 1889 ponamus:
1170 1834 1301 1882 „Cum
1324 1847 1434 1888 prae-

216 1893 385 1941 „sertim
411 1894 517 1947 apud
539 1892 736 1941 Jacobum
757 1892 988 1946 Cujacium,
1017 1893 1153 1932 virum
1172 1892 1285 1932 omni
1308 1891 1433 1932 modo

214 1949 441 1997 „illustrem
461 1952 599 2004 agenti
622 1951 702 1990 duo
727 1949 939 1991 Claudiani
963 1949 1237 2004 exemplaria,
1265 1950 1433 2004 antiqua

217 2021 368 2056 „manu
386 2015 564 2055 exarata,
592 2008 631 2048 se
657 2008 908 2053 obtulerint,
938 2008 1046 2048 unde
1068 2012 1212 2061 po‘e'ta,
1243 2020 1365 2062 quem
1386 2007 1432 2047 in

217 2065 392 2114 „osculis
423 2064 619 2112 habebat,
649 2065 906 2106 convaluerit
928 2065 1012 2119 jam
1041 2065 1185 2119 plane,
1214 2071 1285 2104 aut
1317 2071 1431 2105 certe

215 2123 374 2172 „multo
393 2124 528 2163 minus
548 2136 660 2177 aeger
679 2121 726 2164 fit
745 2123 960 2177 prcestitus.
987 2130 1077 2163 tum
1099 2135 1197 2163 vero
1218 2122 1319 2162 adeo
1339 2135 1434 2177 gra-

215 2180 301 2228 „tia
323 2180 533 2228 valebam,
562 2189 608 2221 ut
629 2180 808 2228 diceret,
838 2180 929 2221 suos
957 2185 1102 2235 poetas
1133 2179 1236 2220 mihi
1252 2179 1319 2220 vel
1339 2178 1432 2234 pos-

216 2236 355 2286 „fione
377 2238 444 2279 vel
466 2237 538 2278 usu
561 2238 677 2278 brevi
696 2239 834 2279 datum
855 2239 919 2279 iri.
976 2236 1055 2278 Sed
1076 2250 1160 2278 non
1181 2251 1261 2290 ego
1283 2236 1345 2277 illi
1366 2237 1430 2277 ni-

216 2296 373 2344 „mium
403 2296 617 2342 credulus,
646 2297 797 2351 quippe
828 2309 1025 2336 noveram
1047 2294 1177 2350 ipsum
1206 2307 1273 2334 me
1306 2295 1431 2335 etiarn

214 2352 284 2401 „id
296 2354 444 2394 aetatis,
498 2352 556 2394 Ut
567 2360 614 2394 ut
632 2352 691 2401 fit,
721 2354 808 2407 ejus
820 2353 1074 2407 benignitate
1087 2353 1152 2393 vel
1165 2365 1301 2406 opera,
1330 2365 1430 2392 con-

217 2416 408 2458 „textum
435 2411 560 2452 nostri
593 2410 769 2452 auetoris
798 2413 841 2452 in
863 2411 1059 2451 mundum
1078 2410 1336 2464 redegimus:
1375 2406 1433 2450 ufi

171 2480 174 2483 ’
214 2467 404 2522 „insuper
433 2469 574 2509 codice
601 2467 868 2524 GryphianO,
896 2469 939 2509 in
972 2469 1088 2522 cujus
1118 2481 1190 2508 ora
1219 2468 1350 2507 varias
1371 2466 1432 2506 le-

216 2522 403 2573 „6tiones
432 2526 595 2568 aliunde
627 2525 888 2581 exprefferat.
948 2526 1005 2567 At
1034 2526 1171 2567 triduo
1200 2522 1289 2578 post
1310 2537 1430 2578 repe-

215 2582 336 2631 ‚‚tiit,
364 2584 579 2638 aliquando
598 2585 709 2624 enim
728 2586 779 2626 de
799 2585 879 2625 suis
903 2583 1057 2638 vigiliis
1077 2588 1164 2622 erat
1184 2582 1353 2629 anxius,
1382 2581 1430 2622 ad

216 2651 374 2694 „usque
409 2641 594 2682 umbram
623 2641 871 2696 suspicionis.
922 2642 1032 2697 quod
1059 2639 1229 2680 minime
1255 2639 1430 2679 mirum:

215 2708 336 2745 „nam
349 2697 447 2740 &in
457 2698 522 2741 his
543 2700 751 2742 amoribus
768 2711 963 2755 magnum
986 2698 1092 2751 saepe
1111 2711 1134 2737 a
1151 2696 1269 2738 rivali
1292 2696 1429 2761 aliquo

1291 2767 1427 2808 „pet-1-
