1612 2948
302 132 389 176 DE
417 130 695 176 NUPTIIS
725 132 877 176 HON.
908 147 968 175 ET
998 132 1138 176 MAR

198 228 359 273 Praebet
389 231 578 275 odoratas
609 228 764 271 meffes.
802 230 870 271 hic
892 231 1005 274 mitis
1027 231 1193 278 amomi,

196 303 274 344 Hic
296 301 408 344 caslae
427 308 584 343 matura
604 302 717 358 seges
729 331 741 350 ,
769 301 972 344 Panchaia
990 310 1161 357 turgent

201 375 418 422 Cinnama‚
447 388 523 416 nec
551 374 652 417 ficca
683 375 945 417 frondescunt
965 376 1117 417 vimina
1140 373 1266 422 costo,

199 449 414 505 Tardaque
439 450 594 492 sudanti
626 459 852 506 prorepunt
882 450 1054 492 balsama
1085 451 1214 505 ligno.

254 524 349 573 Quo
370 523 581 579 postquam
610 524 792 579 delapsus
825 525 968 571 Amor,
997 523 1218 578 longasque
1252 522 1415 579 peregit

193 596 332 639 Penna
354 601 465 645 vias;
495 599 626 640 alacer
641 628 651 647 ,
681 598 872 654 passuque
896 599 1106 652 superbior
1130 600 1267 639 intrat.

198 671 413 714 Caesariem
432 681 530 714 tunc
549 673 656 714 forte
680 673 823 716 Venus
858 672 1027 713 subnixa
1058 673 1226 714 corusco

26 766 29 769 ·
83 757 153 786 εοο
183 747 388 802 Fingebat
408 747 521 788 solio.
552 748 695 788 dextra
716 747 902 801 laevaque
925 745 1084 787 sorores

198 818 366 861 Stabant
383 820 535 862 Idaliae.
565 821 702 875 largos
722 819 811 860 haec
832 818 1011 860 nectaris
1044 819 1197 859 imbres

198 892 376 948 Irrigat:
416 893 507 933 haec
539 892 675 934 morsu
700 891 904 933 numerosi
926 893 1061 934 dentis
1084 893 1242 933 eburno

197 964 448 1009 multifidum
463 966 677 1007 discrimen
699 974 813 1008 arat:
844 966 913 1007 sed
934 968 1057 1008 tertia
1078 973 1189 1007 retro

192 1031 275 1081 Dat
293 1040 428 1080 varios
457 1052 602 1086 nexu&
632 1038 676 1081 &
702 1039 810 1093 justo
839 1040 987 1081 dividit
1016 1040 1141 1080 orbes

84 1121 150 1160 ως
199 1112 377 1161 Ordine,
416 1111 649 1166 neglectam
678 1120 837 1167 partem
884 1113 1055 1154 studiosa
1083 1113 1332 1166 relinquens.

200 1186 298 1228 Pius
319 1200 434 1228 error
459 1187 623 1228 decuit:
664 1186 817 1242 speculi
846 1201 923 1228 nec
947 1188 1085 1228 vultus
1117 1187 1265 1241 egebat

194 1261 370 1311 Judicio.
398 1261 539 1303 fimilis
568 1260 680 1304 tecto
711 1262 955 1305 monstratur
975 1264 1018 1303 in
1041 1264 1169 1310 omni,

199 1336 255 1379 Et
272 1337 429 1391 rapitur
456 1349 714 1392 quocumque
739 1337 874 1385 videt,
911 1337 1008 1377 dum
1028 1334 1186 1391 singula
1217 1336 1363 1384 cernit,

194 1408 330 1464 Seque
351 1410 520 1464 probat,
548 1412 634 1451 nati
655 1411 860 1451 venientis
893 1410 1092 1465 conspicit
1118 1411 1331 1457 umbram3

85 1497 147 1526 ue
206 1483 502 1543 Ambrofioque
521 1485 609 1528 finu
628 1500 804 1543 puerum
824 1486 1043 1542 complexa
1069 1485 1267 1535 ferocem,

1324 146 1386 182 ¹39

84 386 133 425 95

1330 1560 1477 1617 „Quid

87 1693 131 1728 94
154 1681 388 1728 Panchaeaque
415 1681 560 1728 surgunt
587 1684 631 1718 al.
673 1682 841 1717 Panchaia
871 1690 1014 1727 turgent
1049 1690 1156 1715 tuetur
1182 1683 1298 1726 Heius:
1335 1692 1478 1729 turgent

85 1731 182 1763 etiam
210 1731 280 1772 Bas?
308 1741 409 1773 marg.
487 1737 529 1773 95
562 1727 644 1762 s1cca
673 1741 709 1761 ex
737 1730 838 1762 MSS.
856 1730 972 1772 Heius.
1004 1726 1088 1761 slcco
1107 1729 1151 1760 al.
1174 1728 1330 1771 gramina
1352 1731 1393 1762 al.
1414 1740 1474 1774 pro

83 1774 189 1815 costo,
214 1773 358 1808 acantho
386 1775 485 1812 MSS.
508 1784 557 1818 ap.
577 1776 692 1816 Heius}
765 1773 811 1818 96
832 1784 891 1818 pro
913 1773 1010 1817 ligno
1032 1773 1114 1816 quod
1143 1774 1257 1816 Heius?
1281 1781 1399 1815 tuetur,
1437 1784 1475 1808 ut

79 1822 124 1862 fit
154 1820 442 1863 ξυλοβοίλσαμον,
476 1819 554 1854 rivo
581 1821 618 1853 it.
649 1819 748 1852 succo
768 1820 811 1852 nl.
849 1826 1082 1862 prorumpunt
1103 1820 1142 1850 al,
1183 1819 1243 1851 Sed
1283 1829 1477 1871 prorepunt

86 1866 183 1900 etiam
217 1866 289 1900 Vic.
317 1866 350 1903 θ’
385 1865 478 1898 Vien.
575 1874 617 1909 97
647 1863 804 1909 delapsus
835 1866 911 1899 MS.
942 1865 1048 1897 Pulm.
1068 1863 1102 1900 ὅ
1121 1864 1232 1897 Barth.
1260 1863 1414 1911 dilapsus
1434 1867 1478 1899 nl.

334 1919 392 1954 103
414 1909 664 1944 multimodum
687 1910 758 1953 Cuj.
828 1915 892 1949 108
926 1907 1164 1955 quodcunque
1189 1910 1232 1944 al.

133 2040 178 2077 95
200 2030 309 2072 Vide,
334 2042 440 2078 quam
459 2031 545 2066 bene
557 2031 616 2065 fibi
635 2042 762 2066 conve-⁴

90 2077 210 2119 niant,
237 2077 272 2112 δε
304 2076 334 2110 se
362 2077 513 2112 invicem
544 2076 587 2111 ad
615 2076 761 2122 phanta-

87 2122 156 2156 fian
176 2123 223 2157 rei
271 2122 418 2157 aucitate
438 2121 591 2167 pretiosae
618 2123 763 2156 efficien-

89 2168 170 2202 dam
217 2134 383 2211 affjuvcnt
433 2169 540 2202 Tarda
560 2196 570 2210 ,
614 2169 761 2213 sudanti,

88 2223 274 2259 prorepunt.

136 2270 182 2304 99
205 2261 370 2303 Caefixriem
406 2259 511 2293 etiam
539 2257 760 2298 feminarum,

90 2303 303 2349 dearumque
321 2305 406 2339 adeo
427 2303 490 2339 esse
508 2304 603 2349 apud
625 2306 758 2345 Poetas,

91 2350 197 2383 etiam
224 2361 265 2384 ex
292 2350 325 2385 h.
355 2350 380 2383 1.
417 2349 634 2385 observatum
676 2349 762 2384 viris

93 2394 216 2429 doctis.

140 2451 207 2474 100
231 2442 359 2474 Sorores
405 2440 482 2474 sunt
517 2441 647 2475 Gratiae
667 2467 677 2482 ,
722 2448 762 2473 ut

94 2485 276 2527 virtutes,
305 2485 388 2531 quia
405 2485 595 2523 consentire
623 2483 763 2527 debent,

96 2540 135 2564 ut
154 2530 320 2575 placeant.

146 2585 210 2616 105
235 2578 316 2609 Non
340 2584 474 2610 tantum
494 2587 639 2612 acumen
649 2587 689 2610 ex
700 2586 762 2610 ana

95 2620 221 2655 titheto
249 2620 296 2654 est
311 2624 495 2665 neglec'lam,
518 2624 681 2666 studiosa:
708 2620 765 2655 sed

98 2678 150 2700 res
193 2665 284 2712 ipsa,
322 2667 508 2708 vex-imma,
550 2667 766 2701 declaratur:

98 2722 195 2757 grata
226 2711 439 2758 negligentia
466 2711 693 2748 formosarum
719 2711 767 2747 est

805 2030 852 2064 est
881 2030 988 2074 adeo,
1023 2039 1063 2066 ut
1091 2042 1165 2065 eam
1203 2040 1360 2076 quaerant
1389 2031 1477 2068 astu.

805 2085 921 2111 nores.

852 2132 911 2164 107
932 2122 1088 2157 Politura
1127 2122 1345 2156 metallorum
1383 2135 1479 2169 gem-

806 2179 970 2209 marum,
1012 2179 1223 2202 marmorum
1265 2166 1347 2202 facit
1375 2196 1384 2210 ,
1436 2178 1477 2203 ut

805 2214 920 2248 omnis
941 2214 1071 2258 paries,
1102 2223 1140 2246 ut
1171 2213 1297 2248 domus
1330 2223 1402 2248 tota
1439 2215 1479 2248 sit

804 2258 991 2339 {fecumm’
1035 2261 1176 2304 Rapitur
1203 2258 1410 2295 celeritatem
1426 2260 1478 2294 in-

833 2314 909 2340 teat.

852 2360 915 2394 ποί)
928 2352 1010 2384 Non
1021 2349 1133 2384 statim
1146 2347 1274 2383 diree’to
1284 2347 1357 2383 visu
1369 2350 1480 2383 anim-

806 2396 956 2430 ndvertit
995 2395 1209 2440 Cupidinem
1254 2394 1373 2435 suum,
1421 2393 1478 2428 sed

806 2441 993 2486 imaginem
1013 2439 1264 2486 repercussam,
1304 2449 1345 2473 ut
1372 2438 1478 2476 Ovid,

806 2489 888 2521 Met.
907 2498 948 2528 4,
976 2496 1027 2528 7ιι
1063 2495 1099 2520 ut
1129 2488 1166 2519 in
1195 2497 1315 2528 <equore
1347 2487 1472 2528 summo

812 2533 932 2566 Umbra
948 2533 1015 2565 viri
1039 2531 1182 2576 (Persei)
1206 2532 1274 2573 vzssz
1294 2530 1356 2572 eft„
1369 2532 1473 2576 vistim

801 2579 878 2622 fera
893 2579 994 2622 saevit
1015 2578 1052 2610 in
1083 2578 1236 2609 umbram.

857 2633 912 2658 1¹0
937 2624 1145 2663 Ambrofium,
1167 2620 1371 2661 immortale,
1394 2623 1477 2665 po'e’-

811 2677 853 2702 tae
875 2678 1021 2709 vocant,
1039 2665 1100 2700 ubi
1121 2665 1292 2699 summum
1316 2676 1385 2700 non
1405 2678 1479 2701 mo-

813 2714 860 2748 do
890 2712 1072 2757 majestatis
1099 2712 1135 2746 δι
1164 2710 1354 2756 splendoris
1374 2739 1385 2752 ‚
1420 2710 1479 2789 sec}

1425 2769 1469 2790 ve
