1612 2948
463 127 536 172 IN
564 126 882 171 RUFINUM

938 126 1057 170 LIB.
1085 127 1109 171 I
1340 144 1390 181 29

205 225 440 283 Ingeminat
460 227 636 276 crimen,
665 228 862 268 commoti
881 225 1060 283 pectoris
1081 227 1222 282 ignem

205 302 360 351 Nutrit,
385 301 429 344 &
449 304 647 357 exiguum
667 303 908 344 stimulando
926 304 1076 345 vulnus
1096 304 1268 345 acerbat.

259 375 322 417 Ac
355 375 471 417 velut
502 376 743 417 innumeros
764 389 904 417 amnes
936 377 1130 418 accedere
1149 378 1310 419 Nereus

198 446 359 496 Nescit,
392 447 435 489 &
455 448 675 489 undantem
696 451 882 505 quamvis
902 450 998 490 hinc
1027 450 1186 491 hauriat
1206 427 1376 500 Istium,

1297 444 1350 459 *****

92 527 150 567 185
197 520 304 563 Hinc
326 521 437 562 bibat
460 522 646 564 aestivum
670 522 838 577 septeno
858 524 1022 578 gurgite
1045 523 1200 572 Nilum,
1227 559 1230 569 ,

202 593 278 637 Par
298 596 475 651 semper,
496 595 718 652 similisque
747 603 878 639 meat:
907 595 958 638 fic
980 596 1170 638 fluctibus
1194 599 1282 639 auri

197 667 369 724 Expleri
383 670 494 710 calor
513 671 585 711 ille
604 672 759 725 nequit.

818 669 1068 725 Cuicumque
1089 672 1244 711 monile

200 745 455 787 Contextum
476 747 672 801 gemmis,
698 752 768 787 aut
787 746 940 800 praedia
959 746 1067 786 culta
1087 745 1265 796 fuissent,

202 818 354 861 Rufino
378 821 637 876 populandus
657 828 766 868 erat,
787 820 1036 875 dominoque
1058 821 1221 874 parabat

88 899 160 944 ¹90
200 893 388 936 Exitium
405 894 604 936 fecundus
623 909 746 950 ager5
772 896 991 937 metuenda
1012 895 1170 936 colonis

198 968 420 1012 Fertilitas.
474 969 644 1012 Laribus
666 972 808 1026 pellit,
837 972 1018 1013 detrudit
1039 972 1161 1012 avitis

194 1041 382 1092 Finibus,
400 1051 470 1085 aut
492 1044 626 1086 aufert
648 1046 768 1091 vivis,
790 1052 860 1086 aut
881 1052 1054 1099 occupat
1072 1044 1209 1104 heres.

201 1117 418 1172 Congestae
436 1118 696 1159 cumulantur
718 1131 832 1173 opes,
855 1118 1046 1172 orbisque
1064 1119 1227 1172 rapinas

192 1190 361 1245 Accipit
382 1205 463 1232 una
484 1193 642 1233 domus.
672 1192 829 1247 populi
844 1192 994 1234 servire
1024 1192 1170 1239 coacti,

88 1276 152 1318 195
198 1264 404 1322 Plenaque
424 1269 585 1322 privato
612 1268 878 1309 succumbunt
897 1268 1045 1323 oppida
1066 1281 1210 1322 regno.

256 1340 351 1390 Quo
376 1341 520 1381 vesane
542 1340 662 1382 ruis?
691 1349 832 1383 teneas
862 1349 1081 1396 utrumque
1112 1341 1254 1382 licebit

199 1413 435 1464 Oceanum,
456 1417 570 1458 laxet
593 1418 742 1458 rutilos
762 1419 837 1469 tibi
861 1417 994 1474 Lydia
1015 1417 1166 1466 fontes,

195 1487 426 1544 jungantur
445 1489 589 1531 solium
610 1489 758 1537 Croefi,
789 1489 971 1546 Cyrique
995 1492 1120 1531 tiara:

188 1562 425 1620 Numquam
435 1564 552 1607 dives
573 1566 674 1615 eris,
693 1578 917 1621 numquam
936 1565 1130 1607 satiabere
1149 1563 1317 1620 quaestu.

88 1754 147 1790 1⁴82
171 1749 382 1787 cumulando
402 1752 502 1787 MSS.

173 1794 234 1831 ista
250 1799 294 1832 al.
398 1808 460 1844 ¹93
488 1799 604 1833 ruinas
625 1801 667 1832 al.

605 1758 667 1793 185
690 1752 790 1787 litore
809 1753 879 1797 Bas.

1353 1635 1469 1678 Sem-

987 1750 1047 1790 186
1074 1759 1163 1784 meat
1180 1751 1221 1784 al.
1323 1755 1378 1791 187
1402 1747 1470 1784 sitis

765 1808 826 1843 ¹94
851 1808 972 1831 manus
994 1799 1092 1831 MSS.
1194 1801 1255 1841 198
1280 1796 1380 1839 Cyri,

456 1844 630 1889 Croefique
646 1845 746 1879 MSS.
766 1846 870 1878 tiaras
890 1844 970 1886 conj.
990 1843 1105 1887 Heinfi

130 1933 183 1968 181
212 1930 416 1974 Ingeminat,
448 1940 572 1975 auget,
599 1930 636 1965 ἃ
664 1930 757 1964 calu-

90 1974 256 2009 mniando
283 1975 390 2009 altero
410 1985 506 2010 tanto
530 1977 640 2019 majus
662 1974 758 2016 facit,

90 2020 219 2056 nedum
240 2030 280 2054 ut
299 2030 480 2055 extenuet:
503 2022 538 2055 δε
561 2021 624 2055 hoc
654 2020 759 2055 modo

91 2064 176 2098 iram
199 2065 368 2112 principis
386 2066 465 2107 alit,
495 2067 623 2100 vulnus
647 2067 680 2100 in
702 2077 760 2110 pe-

90 2109 183 2145 stere
202 2111 318 2156 ipsius,
338 2113 431 2156 quod
453 2113 618 2155 exiguum
636 2110 759 2152 fuerat,

88 2165 252 2201 tanquam
274 2158 400 2202 vnguis
430 2158 466 2191 in
496 2158 608 2193 ulcere
637 2157 761 2202 ampii-

95 2199 196 2235 ficat:
219 2203 348 2245 stimuli
365 2203 442 2237 sunt
462 2203 565 2237 etiam
585 2205 675 2237 inter
690 2211 761 2237 tor-

92 2257 229 2281 menta:
254 2248 350 2282 locus
379 2251 448 2292 jam
468 2248 563 2282 laesus
583 2247 760 2282 stimulan-

90 2293 138 2326 do
156 2293 364 2330 incenditur.

138 2344 192 2378 185
240 2339 363 2374 AEstate
417 2339 522 2374 inodo
564 2340 756 2384 AEgyptuin

93 2381 240 2417 inundat
257 2385 372 2419 Nilus.
394 2386 482 2420 Plin.
501 2395 540 2425 5,
570 2395 591 2430 9
637 2386 758 2428 Incipit

91 2430 224 2471 crescere
259 2432 335 2464 Inna
361 2441 445 2465 nova
475 2443 665 2477 quacunque
688 2430 757 2475 post

86 2474 258 2516 sblstitium
276 2477 390 2518 est&c.

141 2525 196 2561 187
218 2519 375 2555 Conferri
389 2522 431 2556 ad
453 2521 540 2556 hanc
558 2521 759 2567 descriptio·

92 2573 170 2597 nem
194 2565 282 2609 jussit
301 2567 458 2602 Heinsius
479 2568 620 2603 Suidam
640 2570 680 2602 V.
700 2570 760 2600 Pu-

95 2613 198 2650 φῖνος.
244 2613 287 2646 Et
314 2610 388 2646 sunt
416 2612 466 2648 ibi
485 2613 656 2659 pluscula,
683 2623 759 2657 quae

95 2654 204 2689 videi-i
232 2655 354 2701 poffint
376 2657 455 2694 hinc
472 2659 603 2694 sumta:
635 2657 690 2691 sed
717 2657 755 2691 in

92 2711 134 2734 eo
164 2700 279 2735 differt
305 2703 419 2736 Suidae
447 2705 619 2746 narratio,
658 2702 754 2748 quod

90 2743 143 2780 ibi
164 2747 266 2792 plane
281 2748 465 2793 parallelos
481 2750 682 2789 uastantur,
699 2758 757 2783 eo-

801 1928 949 1962 rundem
1001 1927 1216 1972 flagitiorum
1267 1926 1470 1973 particip23‚
1499 1939 1509 1944 ‘

801 1973 950 2008 Rufinus
972 1974 1007 2010 ἃ
1028 1973 1183 2007 Stilicho.

850 2029 907 2064 192
932 2018 1033 2054 Conf.
1056 2029 1099 2060 ις,
1120 2019 1182 2053 ι66
1206 2016 1267 2051 ubi
1284 2016 1405 2051 similia
1431 2017 1467 2049 in

802 2065 1004 2106 Gildonem,
1023 2076 1099 2109 quae
1111 2064 1153 2097 ad
1165 2063 1351 2098 fecundum
1365 2061 1469 2095 nostri

803 2110 985 2155 ingenium
1005 2110 1251 2143 declarandum
1269 2108 1410 2141 faciunt.

850 2166 908 2201 195
930 2159 1075 2200 Regnum
1092 2157 1259 2200 pri-vatum
1281 2151 1469 2191 invidiosis-

804 2201 882 2235 sime
903 2211 1047 2236 vocatur
1073 2201 1250 2246 potentia,
1276 2210 1379 2244 quam
1406 2196 1469 2231 fibi

803 2248 960 2292 privatus
981 2256 1127 2291 arrogat.
1174 2245 1342 2280 Nondum
1365 2242 1469 2277 obliti

803 2302 899 2326 erant
916 2293 1083 2333 Romani,
1111 2292 1172 2336 qui
1194 2290 1351 2325 historias
1375 2290 1467 2333 lege--

802 2348 889 2378 rent,
904 2349 1007 2382 quam
1019 2337 1186 2371 invidiam
1199 2335 1337 2370 habere-t
1356 2334 1466 2380 ipsum

800 2386 894 2428 regni
914 2394 1051 2425 nomeu,
1073 2382 1201 2416 nedum
1219 2384 1354 2426 privati.

847 2439 905 2474 197
928 2430 1040 2470 Lydiae
1066 2428 1112 2462 est
1139 2427 1296 2462 Paetolus
1324 2431 1360 2460 ὁ(
1380 2426 1467 2459 Her·

801 2485 901 2508 mus:
922 2476 1040 2507 rutilus
1059 2474 1154 2508 color
1173 2473 1260 2506 auri.

848 2526 908 2564 198
932 2521 1103 2562 Cyti'sblio
1123 2519 1283 2552 ‘redditum
1304 2517 1466 2550 Phraaten

801 2565 967 2599 habemus
995 2567 1078 2598 Hor.
1097 2566 1174 2598 Car.
1194 2574 1224 2603 2,
1245 2573 1272 2596 2.
1295 2571 1338 2604 17.
1390 2562 1464 2594 ’[ιά-

803 2622 872 2646 rum
895 2608 959 2644 effe
978 2610 1170 2655 Phrygium
1191 2608 1382 2653 gestamen,
1403 2607 1466 2640 du-

800 2666 852 2691 cet
869 2659 966 2701 Vzrg.
984 2657 1072 2689 Aen.
1091 2665 1121 2698 7,
1139 2664 1211 2697 247.
1236 2654 1274 2687 it.
1292 2654 1409 2686 iuven.
1429 2657 1465 2689 (i,

798 2701 878 2744 516.
932 2705 1051 2746 ltaque
1085 2700 1195 2745 placet
1231 2698 1332 2733 leffio
1368 2698 1463 2731 MSS.

799 2758 876 2793 quae
891 2748 1032 2782 nomina
1048 2755 1170 2790 regum
1187 2753 1373 2789 permutat.
