1612 2948
561 112 774 165 &24

734 136 778 167 ,Γ

836 112 954 160 0³29*
1284 114 1361 156 ²69

63 208 1445 260 4-*ai—-ie-is-ne-e—-nt—aen—m4-m--ne-ie-e-u—4-m-it—

701 311 792 354 xx

409 410 516 454 CL.
575 409 1105 452 CLAUDIANI

155 505 1370 580 [NEUTROPIUM

600 667 824 700 LIBER
870 666 917 699 11

176 755 484 886 Mygdonii
503 790 682 833 cineres,
712 785 754 828 ὅ(
774 783 801 826 fi
821 786 918 842 quid
942 785 1064 826 restat
1086 784 1178 833 Eoi,

337 868 458 919 Quod
479 873 643 922 pereat,
675 866 791 920 regni
805 894 817 912 ,
845 872 970 905 certae
995 878 1078 904 non
1100 876 1253 918 augure
1272 862 1371 904 falso

178 943 360 998 prodigii
383 950 550 998 patuere
569 942 692 981 minae
707 970 717 987 ‚
742 939 967 994 frustraque
987 937 1154 994 peraGtO

181 1020 366 1064 Vulnere
385 1018 634 1060 monstriferi
652 1016 848 1072 praesagia
869 1015 1021 1057 discitis
1044 1016 1152 1055 anni.

181 1094 349 1136 Cautior
376 1103 471 1135 ante
504 1101 644 1135 tamen
662 1092 893 1133 violentum
914 1092 1052 1131 navita
1070 1090 1225 1131 Corum

181 1171 399 1226 Prospicit,
429 1170 472 1212 δε
492 1171 660 1211 tumidae
683 1168 868 1209 subducit
889 1167 980 1208 vela
1000 1166 1208 1222 procellae.

183 1248 295 1297 Quid
310 1247 427 1300 juvat
447 1257 631 1286 errorem
651 1244 776 1284 mersa
804 1245 888 1297 jam
917 1257 1053 1298 puppe
1073 1240 1227 1283 fateri?

183 1322 295 1371 Quid
314 1322 494 1362 lacrimae
516 1320 664 1361 delicta
681 1318 856 1360 levant?
886 1317 990 1369 stant
1011 1319 1149 1358 omnia
1171 1315 1294 1357 vestri

186 1394 385 1436 Consulis.
416 1395 599 1434 immotis
627 1391 781 1432 haesere
812 1391 973 1446 piacula
996 1390 1103 1431 fatis.

73 1477 116 1505 10

167 1663 185 1688 2
207 1661 296 1687 certe
317 1654 406 1698 vulg.

125 1766 136 1791 Ι
161 1755 373 1801 Principium
395 1753 477 1788 libri
498 1754 686 1800 parallelon
705 1751 750 1787 est

79 1801 339 1845 quod-ammodo
359 1802 394 1834 ἃ
413 1799 594 1845 respondet
623 1799 753 1844 princi—

79 1847 139 1891 pio
160 1847 276 1891 primi.
322 1845 373 1880 lbi
404 1845 462 1879 ille
491 1843 656 1879 horribile
674 1855 753 1890 pro—

79 1891 219 1936 digium
251 1892 286 1926 δε
315 1891 537 1926 tristissimum
565 1899 666 1925 omen
684 1900 751 1924 ‘ca-

81 1938 187 1971 nebat
227 1936 291 1971 esse
325 1936 509 1972 Consulem
543 1935 752 1970 eunuchum.

83 1984 152 2016 Hie
173 1981 350 2029 expetiisse
370 1983 456 2016 dicit
475 1983 550 2015 illas
571 1982 682 2016 minas
704 1979 754 2014 fa-

81 2038 211 2063 torum.
258 2028 463 2072 Alloquitur
483 2039 552 2062 non
571 2027 638 2060 sine
657 2027 754 2061 πάθει

83 2076 276 2118 Mygdonios
304 2076 422 2107 cineres
450 2072 482 2107 h.
509 2085 536 2106 e.
567 2072 753 2117 Phrygiam

84 2120 247 2154 vastatam
269 2131 288 2152 a
307 2118 531 2163 Tribigildo,
550 2130 653 2163 quem
675 2121 754 2159 Τις)-

86 2168 246 2208 βιγγίλον
265 2167 494 2206 Sozomenus,
523 2163 634 2198 noster
657 2172 754 2205 v.175

84 2210 155 2256 sqq.
202 2213 401 2254 Targibilum
437 2209 508 2244 soni
548 2209 583 2242 &
622 2209 757 2242 numeri

87 2255 175 2290 forte
196 2256 292 2290 causa
314 2266 423 2290 vocat.
470 2255 656 2289 Historiam
680 2265 756 2298 per-

87 2300 241 2346 sequitur
272 2301 427 2335 Zosimus
448 2311 485 2342 ς,
509 2312 539 2342 ¹3
563 2300 634 2344 sqq.
677 2301 756 2332 Bre-

87 2347 165 2380 vior
183 2346 228 2380 est
245 2348 337 2380 Socr.
359 2349 402 2380 H.
423 2348 459 2379 E.
473 2346 506 2387 6,
526 2346 547 2379 6
567 2346 602 2379 &
620 2346 754 2379 Sozorn.

94 2397 127 2431 8,
148 2402 179 2434 4.
223 2393 362 2425 Summa
390 2392 458 2426 haec
489 2390 555 2424 est:
578 2390 757 2424 rebellavit

95 2447 209 2481 aperte
230 2436 447 2482 Tribigildus
474 2439 598 2471 Comes
635 2434 758 2469 barba-

93 2492 151 2514 rus
164 2510 172 2521 ‚
193 2483 251 2526 qui
272 2482 423 2516 Arcadio
441 2483 648 2517 militaverat
661 2510 670 2523 ,
700 2492 757 2514 ex-

92 2527 220 2560 citatus
232 2528 366 2561 aGaine
376 2529 528 2570 ejusdem
542 2527 756 2562 conditionis

98 2572 195 2606 viro:
221 2573 280 2616 qui
300 2572 342 2606 ad
355 2572 497 2617 speciem
510 2574 561 2606 illi
576 2573 605 2606 se
617 2571 758 2615 objecit,

90 2617 145 2651 sed
165 2627 261 2651 tanto
283 2619 409 2660 majore
435 2630 513 2652 cum
534 2618 631 2652 clade
650 2619 758 2663 impe-

92 2663 147 2696 rii.
216 2663 363 2707 Utrique
392 2663 488 2702 causa
517 2665 665 2704 irarum,
696 2662 759 2697 ob-

93 2717 209 2743 tentus
228 2718 329 2750 certe,
358 2708 492 2753 peffima
502 2708 758 2746 administratio

496 1651 519 1687 6
543 1651 691 1686 consulit
712 1651 814 1685 MSS.

192 1467 313 1508 Tunc
334 1467 474 1508 decuit
494 1466 643 1508 sentire
671 1465 813 1515 nefas,
843 1471 943 1506 tunc
971 1466 1033 1514 ire
1053 1470 1244 1505 recentes

1312 1537 1462 1580 Deter-

905 1654 926 1689 8
950 1659 1030 1683 cum
1049 1649 1073 1683 l.
1098 1648 1132 1682 d.
1153 1650 1253 1683 luant
1272 1651 1350 1684 MS.

798 1751 970 1796 Eutropii.
1037 1750 1094 1785 Ab
1126 1750 1179 1785 his
1198 1749 1325 1785 vastata
1345 1759 1469 1796 praetei·

796 1798 983 1843 Phrygiam
1020 1808 1144 1842 magna
1179 1808 1258 1841 pars
1288 1798 1347 1831 Eoi
1374 1799 1469 1840 regni

797 1844 829 1878 h.
842 1855 869 1877 e.
893 1843 1029 1888 imperii
1041 1843 1340 1884 Orientali5,·cu'm
1363 1842 1469 1887 ipsius

797 1888 894 1923 clade
917 1888 1278 1933 Constantinopoleos.
1348 1889 1395 1921 Hi
1424 1887 1473 1922 ad

798 1946 935 1981 poenam
955 1933 1182 1978 deposcebant
1201 1934 1422 1978 Eutropium.

845 1990 860 2022 3
888 1979 1102 2021 Frustraideo
1120 1979 1261 2020 discitis,
1283 1979 1377 2023 quod
1394 1990 1469 2023 per-

797 2027 863 2060 [ιὲἳο
881 2025 1172 2067 ἀεμιυιη·νιι1ηετ·ε
1190 2024 1319 2058 discitis
1331 2053 1340 2066 ‚
1362 2036 1469 2068 quam

798 2070 914 2105 fat-alis
936 2069 1040 2104 fuerit
1060 2082 1169 2104 annus
1189 2070 1360 2116 Eutropio
1376 2072 1470 2109 Con-

797 2116 867 2150 sule
897 2126 1055 2150 notatus:
1096 2125 1135 2149 ut
1172 2115 1295 2149 frustra
1331 2116 1471 2150 monuit

799 2161 1187 2206 CaffandraTrojanos,
1211 2162 1270 2206 qui
1287 2173 1357 2195 non
1395 2161 1468 2195 rius

800 2207 974 2248 didicere,
996 2217 1164 2252 quantum
1189 2207 1271 2240 mali
1285 2206 1344 2241 fibi
1379 2215 1469 2240 erret

799 2265 909 2298 equus
923 2281 931 2294 ,
958 2264 1062 2297 quam
1081 2252 1166 2286 urbe
1184 2254 1253 2296 jam
1280 2252 1424 2286 incensa.

845 2305 864 2338 8
891 2301 986 2333 Stant
1027 2301 1151 2339 omina,
1192 2298 1320 2331 durant
1362 2297 1472 2339 mala,

799 2356 876 2390 quae
904 2343 1109 2389 significavit
1136 2343 1322 2376 infaustum
1354 2342 1473 2387 praesa-

800 2391 911 2435 gium,
935 2389 1113 2423 eunuchus
1125 2389 1272 2423 Consul:
1294 2388 1385 2422 idem
1409 2387 1470 2421 fibi

800 2436 877 2469 vult
898 2434 1047 2470 formula
1062 2437 1189 2479 piacula
1209 2436 1340 2477 haeskre,
1368 2434 1392 2468 i.
1412 2432 1474 2467 fla-

801 2482 909 2527 gitia,
937 2492 1013 2525 quae
1044 2481 1176 2525 expiari
1200 2478 1394 2520 debebant,
1422 2488 1473 2512 at-

799 2538 867 2571 que
887 2527 978 2568 elui,
998 2535 1162 2571 tanquam
1185 2525 1339 2566 macula,
1357 2524 1472 2558 adhuc

798 2571 976 2606 inhaerent.

848 2628 886 2652 ιο
915 2621 1016 2657 Tunc,
1037 2615 1149 2649 statim
1160 2614 1328 2650 Kalendis
1345 2615 1473 2658 Janua-

801 2663 883 2705 riis,
908 2664 960 2697 vel
984 2663 1096 2695 statim
1117 2661 1298 2705 postquam
1321 2660 1475 2705 designa-

802 2718 858 2743 tus
878 2708 924 2742 est
944 2706 1133 2753 flagitiosus
1152 2705 1293 2741 Consul.
1334 2706 1475 2785 ‘lissllipsis

1361 2762 1471 2793 uuor,
